Date,ticker,MarketCap,EnterpriseValue,PeRatio,ForwardPeRatio,PegRatio,PsRatio,PbRatio,EnterprisesValueRevenueRatio,EnterprisesValueEBITDARatio,TotalAssets,CurrentAssets,CashCashEquivalentsAndShortTermInvestments,CashAndCashEquivalents,OtherShortTermInvestments,Receivables,AccountsReceivable,TaxesReceivable,OtherReceivables,ReceivablesAdjustmentsAllowances,Inventory,RawMaterials,WorkInProcess,FinishedGoods,OtherInventories,InventoriesAdjustmentsAllowances,CurrentDeferredAssets,CurrentDeferredTaxesAssets,AssetsHeldForSaleCurrent,OtherCurrentAssets,TotalNonCurrentAssets,NetPPE,GrossPPE,Properties,LandAndImprovements,BuildingsAndImprovements,MachineryFurnitureEquipment,ConstructionInProgress,AccumulatedDepreciation,GoodwillAndOtherIntangibleAssets,Goodwill,OtherIntangibleAssets,InvestmentsAndAdvances,NonCurrentAccountsReceivable,NonCurrentDeferredAssets,NonCurrentDeferredTaxesAssets,NonCurrentPrepaidAssets,DefinedPensionBenefit,OtherNonCurrentAssets,TotalLiabilitiesNetMinorityInterest,CurrentLiabilities,PayablesAndAccruedExpenses,Payables,AccountsPayable,TotalTaxPayable,IncomeTaxPayable,DividendsPayable,CurrentAccruedExpenses,CurrentProvisions,PensionandOtherPostRetirementBenefitPlansCurrent,CurrentDebtAndCapitalLeaseObligation,CurrentDebt,CommercialPaper,OtherCurrentBorrowings,CurrentCapitalLeaseObligation,CurrentDeferredLiabilities,CurrentDeferredTaxesLiabilities,CurrentDeferredRevenue,OtherCurrentLiabilities,TotalNonCurrentLiabilitiesNetMinorityInterest,LongTermDebtAndCapitalLeaseObligation,LongTermDebt,LongTermCapitalLeaseObligation,NonCurrentDeferredLiabilities,NonCurrentDeferredTaxesLiabilities,NonCurrentDeferredRevenue,TradeandOtherPayablesNonCurrent,NonCurrentAccruedExpenses,EmployeeBenefits,NonCurrentPensionAndOtherPostretirementBenefitPlans,OtherNonCurrentLiabilities,TotalEquityGrossMinorityInterest,StockholdersEquity,CapitalStock,CommonStock,AdditionalPaidInCapital,RetainedEarnings,TreasuryStock,GainsLossesNotAffectingRetainedEarnings,OtherEquityInterest,MinorityInterest,TotalCapitalization,CommonStockEquity,CapitalLeaseObligations,NetTangibleAssets,WorkingCapital,InvestedCapital,TangibleBookValue,TotalDebt,NetDebt,ShareIssued,OrdinarySharesNumber,TreasurySharesNumber,OperatingCashFlow,CashFlowFromContinuingOperatingActivities,NetIncomeFromContinuingOperations,OperatingGainsLosses,GainLossOnSaleOfBusiness,DepreciationAmortizationDepletion,DepreciationAndAmortization,Depreciation,AmortizationCashFlow,AmortizationOfIntangibles,DeferredTax,DeferredIncomeTax,AmortizationOfSecurities,AssetImpairmentCharge,StockBasedCompensation,ExcessTaxBenefitFromStockBasedCompensation,OtherNonCashItems,ChangeInWorkingCapital,ChangeInReceivables,ChangesInAccountReceivables,ChangeInInventory,ChangeInPrepaidAssets,ChangeInPayablesAndAccruedExpense,ChangeInPayable,ChangeInAccountPayable,ChangeInAccruedExpense,ChangeInOtherCurrentAssets,ChangeInOtherCurrentLiabilities,ChangeInOtherWorkingCapital,CashFromDiscontinuedOperatingActivities,InvestingCashFlow,CashFlowFromContinuingInvestingActivities,NetPPEPurchaseAndSale,PurchaseOfPPE,SaleOfPPE,NetIntangiblesPurchaseAndSale,PurchaseOfIntangibles,NetBusinessPurchaseAndSale,PurchaseOfBusiness,NetInvestmentPurchaseAndSale,PurchaseOfInvestment,SaleOfInvestment,NetOtherInvestingChanges,FinancingCashFlow,CashFlowFromContinuingFinancingActivities,NetIssuancePaymentsOfDebt,NetLongTermDebtIssuance,LongTermDebtIssuance,LongTermDebtPayments,NetCommonStockIssuance,CommonStockIssuance,CommonStockPayments,CashDividendsPaid,CommonStockDividendPaid,ProceedsFromStockOptionExercised,NetOtherFinancingCharges,EndCashPosition,ChangesInCash,EffectOfExchangeRateChanges,BeginningCashPosition,OtherCashAdjustmentOutsideChangeinCash,CapitalExpenditure,IssuanceOfCapitalStock,IssuanceOfDebt,RepaymentOfDebt,RepurchaseOfCapitalStock,FreeCashFlow,TotalRevenue,OperatingRevenue,CostOfRevenue,GrossProfit,OperatingExpense,SellingGeneralAndAdministration,GeneralAndAdministrativeExpense,OtherGandA,ResearchAndDevelopment,DepreciationAmortizationDepletionIncomeStatement,DepreciationAndAmortizationInIncomeStatement,OtherOperatingExpenses,OperatingIncome,NetNonOperatingInterestIncomeExpense,InterestExpenseNonOperating,OtherIncomeExpense,GainOnSaleOfSecurity,EarningsFromEquityInterest,SpecialIncomeCharges,RestructuringAndMergernAcquisition,OtherSpecialCharges,GainOnSaleOfPPE,OtherNonOperatingIncomeExpenses,PretaxIncome,TaxProvision,NetIncomeCommonStockholders,NetIncome,NetIncomeIncludingNoncontrollingInterests,NetIncomeContinuousOperations,NetIncomeDiscontinuousOperations,NetIncomeExtraordinary,MinorityInterests,OtherunderPreferredStockDividend,DilutedNIAvailtoComStockholders,BasicEPS,DilutedEPS,BasicAverageShares,DilutedAverageShares,TotalOperatingIncomeAsReported,TotalExpenses,NetIncomeFromContinuingAndDiscontinuedOperation,NormalizedIncome,InterestExpense,NetInterestIncome,EBIT,EBITDA,ReconciledCostOfRevenue,ReconciledDepreciation,NetIncomeFromContinuingOperationNetMinorityInterest,TotalUnusualItemsExcludingGoodwill,TotalUnusualItems,NormalizedEBITDA,TaxRateForCalcs,TaxEffectOfUnusualItems,OtherProperties,ChangeInTaxPayable,ChangeInIncomeTaxPayable,CapitalExpenditureReported,CashFromDiscontinuedInvestingActivities,NetShortTermDebtIssuance,ShortTermDebtIssuance,ShortTermDebtPayments,CashFlowFromDiscontinuedOperation,IncomeTaxPaidSupplementalData,InterestPaidSupplementalData,InterestIncomeNonOperating,TotalOtherFinanceCost,NetIncomeFromTaxLossCarryforward,InterestIncome,GrossAccountsReceivable,AllowanceForDoubtfulAccountsReceivable,LoansReceivable,DuefromRelatedPartiesCurrent,RestrictedCash,Leases,InvestmentProperties,LongTermEquityInvestment,InvestmentsinSubsidiariesatCost,InvestmentsinAssociatesatCost,InvestmentinFinancialAssets,OtherInvestments,FinancialAssets,CurrentNotesPayable,LineOfCredit,PreferredSecuritiesOutsideStockEquity,LiabilitiesHeldforSaleNonCurrent,PreferredStock,UnrealizedGainLoss,MinimumPensionLiabilities,ForeignCurrencyTranslationAdjustments,OtherEquityAdjustments,PreferredStockEquity,PreferredSharesNumber,GainLossOnInvestmentSecurities,EarningsLossesFromEquityInvestments,PensionAndEmployeeBenefitExpense,ProvisionandWriteOffofAssets,TaxesRefundPaid,SaleOfBusiness,NetPreferredStockIssuance,PreferredStockIssuance,CashFromDiscontinuedFinancingActivities,InsuranceAndClaims,ProvisionForDoubtfulAccounts,ImpairmentOfCapitalAssets,GainOnSaleOfBusiness,PreferredStockDividends,AverageDilutionEarnings,PrepaidAssets,InterestPayable,NotesReceivable,Amortization,AmortizationOfIntangiblesIncomeStatement,InvestmentsInOtherVenturesUnderEquityMethod,GainLossOnSaleOfPPE,PreferredStockPayments,PreferredStockDividendPaid,AvailableForSaleSecurities
1994-12-31,LHX,,,,,,,,,,,,,,,,,,,,,,,,,,,,,,,,,,,,,,,,,,,,,,,,,,,,,,,,,,,,,,,,,,,,,,,,,,,,,,,,,,,,,,,,,,,,,,,,,,,,,,,3600000.0,3600000.0,34800000.0,,,30900000.0,30900000.0,,,,-7400000.0,-7400000.0,,,,,-3000000.0,-51700000.0,-62300000.0,,,,5900000.0,,,,-5000000.0,9700000.0,,,-33800000.0,-33800000.0,-33800000.0,-33800000.0,,,,,,,,,,1700000.0,1700000.0,30500000.0,,,,-16600000.0,-3700000.0,-12900000.0,-12200000.0,,,,0.0,-28500000.0,1000000.0,0.0,27500000.0,-33800000.0,-3700000.0,,,-12900000.0,-30200000.0,,,,,,,,,,,,,,,,,,,,,,,,,,,,,,,,,,,,,,,,,,,,,,,,,,,,,,,,,,,,,,,,,,,,,,,,,,,,,,,,,,,,,,,,,,,,,,,,,,,,,,,,,,,,,,,,,,,,,,
2020-06-30,RTX,,,,,,,,,,,,,,,,,,,,,,,,,,,,,,,,,,,,,,,,,,,,,,,,,,,,,,,,,,,,,,,,,,,,,,,,,,,,,,,,,,,,,,,,,,,,,,,,,,,,,,,20000000.0,681000000.0,-3342000000.0,-87000000.0,,859000000.0,859000000.0,,,,-367000000.0,-367000000.0,,3183000000.0,48000000.0,,-115000000.0,502000000.0,1563000000.0,967000000.0,157000000.0,,-1077000000.0,,,,11000000.0,,-152000000.0,-189000000.0,3098000000.0,3339000000.0,,,,-28000000.0,-28000000.0,3447000000.0,,312000000.0,312000000.0,238000000.0,-21000000.0,-4175000000.0,-2694000000.0,-17844000000.0,-16425000000.0,-15223000000.0,-1202000000.0,0.0,,0.0,-724000000.0,-724000000.0,4000000.0,15870000000.0,6975000000.0,-1057000000.0,8000000.0,8001000000.0,23000000.0,-399000000.0,,-15223000000.0,-2621000000.0,0.0,-379000000.0,,,,,,,,,,,,,,,,,,,,,,,,,,,,,,,,,,,,,,,,,,,,,,,,,,,,,,,,,,-371000000.0,0.0,-1419000000.0,,-1419000000.0,,,,,,,,,,,,,,,,,,,,,,,,,,,,,,,,,,-87000000.0,,,3442000000.0,,,-1803000000.0,,,,,,,,,,,,,,,,
2008-05-30,LMT,44008355128.0,45968355128.0,,,,,,,,,,,,,,,,,,,,,,,,,,,,,,,,,,,,,,,,,,,,,,,,,,,,,,,,,,,,,,,,,,,,,,,,,,,,,,,,,,,,,,,,,,,,,,,,,,,,,,,,,,,,,,,,,,,,,,,,,,,,,,,,,,,,,,,,,,,,,,,,,,,,,,,,,,,,,,,,,,,,,,,,,,,,,,,,,,,,,,,,,,,,,,,,,,,,,,,,,,,,,,,,,,,,,,,,,,,,,,,,,,,,,,,,,,,,,,,,,,,,,,,,,,,,,,,,,,,,,,,,,,,,,,,,,,,,,,,,,,,,,
2000-10-31,LHX,2128113921.0,2079913921.0,,,,1.139,1.734,,,,,,,,,,,,,,,,,,,,,,,,,,,,,,,,,,,,,,,,,,,,,,,,,,,,,,,,,,,,,,,,,,,,,,,,,,,,,,,,,,,,,,,,,,,,,,,,,,,,,,,,,,,,,,,,,,,,,,,,,,,,,,,,,,,,,,,,,,,,,,,,,,,,,,,,,,,,,,,,,,,,,,,,,,,,,,,,,,,,,,,,,,,,,,,,,,,,,,,,,,,,,,,,,,,,,,,,,,,,,,,,,,,,,,,,,,,,,,,,,,,,,,,,,,,,,,,,,,,,,,,,,,,,,,,,,,,,,,,,
1988-11-30,RTX,5241647253.0,7219347253.0,61.26,,,0.298,1.222,,,,,,,,,,,,,,,,,,,,,,,,,,,,,,,,,,,,,,,,,,,,,,,,,,,,,,,,,,,,,,,,,,,,,,,,,,,,,,,,,,,,,,,,,,,,,,,,,,,,,,,,,,,,,,,,,,,,,,,,,,,,,,,,,,,,,,,,,,,,,,,,,,,,,,,,,,,,,,,,,,,,,,,,,,,,,,,,,,,,,,,,,,,,,,,,,,,,,,,,,,,,,,,,,,,,,,,,,,,,,,,,,,,,,,,,,,,,,,,,,,,,,,,,,,,,,,,,,,,,,,,,,,,,,,,,,,,,,,,,
1992-04-30,GD_,1971409245.0,1544409245.0,5.017,,,0.228,0.814,,,,,,,,,,,,,,,,,,,,,,,,,,,,,,,,,,,,,,,,,,,,,,,,,,,,,,,,,,,,,,,,,,,,,,,,,,,,,,,,,,,,,,,,,,,,,,,,,,,,,,,,,,,,,,,,,,,,,,,,,,,,,,,,,,,,,,,,,,,,,,,,,,,,,,,,,,,,,,,,,,,,,,,,,,,,,,,,,,,,,,,,,,,,,,,,,,,,,,,,,,,,,,,,,,,,,,,,,,,,,,,,,,,,,,,,,,,,,,,,,,,,,,,,,,,,,,,,,,,,,,,,,,,,,,,,,,,,,,,,
2014-12-31,GE_,,,,,,,,,,,,,,,,,,,,,,,,,,,,,,,,,,,,,,,,,,,,,,,,,,,,,,,,,,,,,,,,,,,,,,,,,,,,,,,,,,,,,,,,,,,,,,,,,,,,,,,11465000000.0,11405000000.0,5152000000.0,,,2288000000.0,2288000000.0,2288000000.0,,,751000000.0,751000000.0,,,,,2294000000.0,-178000000.0,-1222000000.0,-1222000000.0,1896000000.0,,-852000000.0,-1072000000.0,-1072000000.0,220000000.0,,,,60000000.0,-3111000000.0,-3054000000.0,-2678000000.0,-4026000000.0,1348000000.0,,,1794000000.0,-549000000.0,,,,-2170000000.0,-5879000000.0,-5879000000.0,-3211000000.0,-3056000000.0,8340000000.0,-11396000000.0,141000000.0,0.0,141000000.0,-2208000000.0,-2208000000.0,,-601000000.0,90884000000.0,2472000000.0,-2132000000.0,90544000000.0,,-4026000000.0,0.0,8340000000.0,-11396000000.0,141000000.0,7439000000.0,,,,,,,,,,,,,,,,,,,,,,,,,,,,,,,,,,,,,,,,,,,,,,,,,,,,,,,,,,,-57000000.0,-155000000.0,,,-3000000.0,,,,,,,,,,,,,,,,,,,,,,,,,,,,,,,,0.0,,1098000000.0,,2343000000.0,0.0,0.0,0.0,,,,,,,,,,,,,,,,
1992-09-30,GD_,2069884705.0,2014884705.0,10.904,,,0.519,1.251,,,,,,,,,,,,,,,,,,,,,,,,,,,,,,,,,,,,,,,,,,,,,,,,,,,,,,,,,,,,,,,,,,,,,,,,,,,,,,,,,,,,,,,,,,,,,,,,,,,,,,,,,,,,,,,,,,,,,,,,,,,,,,,,,,,,,,,,,,,,,,,,,,,,,,,,,,,,,,,,,,,,,,,,,,,,,,,,,,,,,,,,,,,,,,,,,,,,,,,,,,,,,,,,,,,,,,,,,,,,,,,,,,,,,,,,,,,,,,,,,,,,,,,,,,,,,,,,,,,,,,,,,,,,,,,,,,,,,,,,
1996-03-31,GD_,,,,,,,,,,,,,,,,,,,,,,,,,,,,,,,,,,,,,,,,,,,,,,,,,,,,,,,,,,,,,,,,,,,,,,,,,,,,,,,,,,,,,,,,,,,,,,,,,,,,,,,77000000.0,86000000.0,65000000.0,,,13000000.0,13000000.0,,,,-43000000.0,-43000000.0,,,,,-18000000.0,69000000.0,-33000000.0,,18000000.0,,-53000000.0,,,,59000000.0,78000000.0,,-9000000.0,-63000000.0,-63000000.0,-10000000.0,-10000000.0,,,,,,2000000.0,,2000000.0,-55000000.0,-24000000.0,-24000000.0,4000000.0,,,,,,,-23000000.0,,,-5000000.0,0.0,-10000000.0,,215000000.0,-205000000.0,-10000000.0,,,,,67000000.0,,,,,,,,,,,,,,,,,,,,,,,,,,,,,,,,,,,,,,,,,,,,,,,,,,,,,,,,,,,,,,,,,,,,,,,,,,,,,,,,,,,,,,,,,,,,,,,,,,,,,,,,,,,,,,,,,,,,,,
1997-04-30,GD_,4482551250.0,4572551250.0,16.354,,,1.244,2.57,,,,,,,,,,,,,,,,,,,,,,,,,,,,,,,,,,,,,,,,,,,,,,,,,,,,,,,,,,,,,,,,,,,,,,,,,,,,,,,,,,,,,,,,,,,,,,,,,,,,,,,,,,,,,,,,,,,,,,,,,,,,,,,,,,,,,,,,,,,,,,,,,,,,,,,,,,,,,,,,,,,,,,,,,,,,,,,,,,,,,,,,,,,,,,,,,,,,,,,,,,,,,,,,,,,,,,,,,,,,,,,,,,,,,,,,,,,,,,,,,,,,,,,,,,,,,,,,,,,,,,,,,,,,,,,,,,,,,,,,
2006-09-30,LMT,,,,,,,,,,29093000000.0,10956000000.0,2683000000.0,2288000000.0,395000000.0,4865000000.0,4865000000.0,,,,2034000000.0,,4846000000.0,,341000000.0,-3153000000.0,747000000.0,747000000.0,,627000000.0,18137000000.0,3911000000.0,9311000000.0,,,,,,-5400000000.0,9937000000.0,9386000000.0,551000000.0,,,,,,,4289000000.0,21010000000.0,10383000000.0,1933000000.0,1933000000.0,1933000000.0,,,,,,,41000000.0,41000000.0,,,,,,,8409000000.0,10627000000.0,4403000000.0,4403000000.0,,,,,,,,,6224000000.0,8083000000.0,8083000000.0,422000000.0,422000000.0,786000000.0,8541000000.0,,-1666000000.0,,,12486000000.0,8083000000.0,,-1854000000.0,573000000.0,12527000000.0,-1854000000.0,4444000000.0,2156000000.0,423895827.0,423895827.0,,,,,,,,,,,,,,,,,,,,,,,,,,,,,,,,,,,,,,,,,,,,,,,,,,,,,,,,,,,,,,,,,,,,,,,,,,,,,,,,,,,,,,,,,,,,,,,,,,,,,,,,,,,,,,,,,,,,,,,,,,,,,,,,,,,,,,,,,,,,,,,,,,,,,,,,,,,,,,,,,,,,,,,,,,,,,,,,,,,,,,,,,,
2006-09-29,LMT,36480474871.0,37881474871.0,,,,,,,,,,,,,,,,,,,,,,,,,,,,,,,,,,,,,,,,,,,,,,,,,,,,,,,,,,,,,,,,,,,,,,,,,,,,,,,,,,,,,,,,,,,,,,,,,,,,,,,,,,,,,,,,,,,,,,,,,,,,,,,,,,,,,,,,,,,,,,,,,,,,,,,,,,,,,,,,,,,,,,,,,,,,,,,,,,,,,,,,,,,,,,,,,,,,,,,,,,,,,,,,,,,,,,,,,,,,,,,,,,,,,,,,,,,,,,,,,,,,,,,,,,,,,,,,,,,,,,,,,,,,,,,,,,,,,,,,,,,,,
1997-04-30,GE_,181465833297.0,306139833297.0,24.558,,,2.259,5.957,,,,,,,,,,,,,,,,,,,,,,,,,,,,,,,,,,,,,,,,,,,,,,,,,,,,,,,,,,,,,,,,,,,,,,,,,,,,,,,,,,,,,,,,,,,,,,,,,,,,,,,,,,,,,,,,,,,,,,,,,,,,,,,,,,,,,,,,,,,,,,,,,,,,,,,,,,,,,,,,,,,,,,,,,,,,,,,,,,,,,,,,,,,,,,,,,,,,,,,,,,,,,,,,,,,,,,,,,,,,,,,,,,,,,,,,,,,,,,,,,,,,,,,,,,,,,,,,,,,,,,,,,,,,,,,,,,,,,,,,
1998-12-31,BA_,,,,,,,,,,,,,,,,,,,,,,,,,,,,,,,,,,,,,,,,,,,,,,,,,,,,,,,,,,,,,,,,,,,,,,,,,,,,,,,,,,,,,,,,,,,,,,,,,,,,,,,,,,,,,,,,,,,,,,,,,,,,,,,,,,,,,,,,,,,,,,,,,,,,,,,,,,,,,,,,,,,,,,,,,,17107000000.0,17107000000.0,15467000000.0,1640000000.0,1016000000.0,552000000.0,,,464000000.0,,,,624000000.0,,,,,,,,,,,554000000.0,89000000.0,465000000.0,465000000.0,465000000.0,465000000.0,,,,,465000000.0,,,,,624000000.0,16483000000.0,465000000.0,465000000.0,,,624000000.0,,15467000000.0,397000000.0,465000000.0,,,1021000000.0,0.161,0.0,,,,,,,,,,,,,,,,,,,,,,,,,,,,,,,,,,,,,,,,,,,,,,,,,,,,,,,,,,,,,,,,
2001-06-29,RTX,34501527110.0,38595527110.0,,,,,,,,,,,,,,,,,,,,,,,,,,,,,,,,,,,,,,,,,,,,,,,,,,,,,,,,,,,,,,,,,,,,,,,,,,,,,,,,,,,,,,,,,,,,,,,,,,,,,,,,,,,,,,,,,,,,,,,,,,,,,,,,,,,,,,,,,,,,,,,,,,,,,,,,,,,,,,,,,,,,,,,,,,,,,,,,,,,,,,,,,,,,,,,,,,,,,,,,,,,,,,,,,,,,,,,,,,,,,,,,,,,,,,,,,,,,,,,,,,,,,,,,,,,,,,,,,,,,,,,,,,,,,,,,,,,,,,,,,,,,,
1985-09-30,LHX,526514640.0,694514640.0,7.845,,,0.226,0.607,,,,,,,,,,,,,,,,,,,,,,,,,,,,,,,,,,,,,,,,,,,,,,,,,,,,,,,,,,,,,,,,,,,,,,,,,,,,,,,,,,,,,,,,,,,,,,,,,,,,,,,,,,,,,,,,,,,,,,,,,,,,,,,,,,,,,,,,,,,,,,,,,,,,,,,,,,,,,,,,,,,,,,,,,,,,,,,,,,,,,,,,,,,,,,,,,,,,,,,,,,,,,,,,,,,,,,,,,,,,,,,,,,,,,,,,,,,,,,,,,,,,,,,,,,,,,,,,,,,,,,,,,,,,,,,,,,,,,,,,
1991-09-30,BA_,,,,,,,,,,16118000000.0,9538000000.0,3465000000.0,3465000000.0,,1943000000.0,,,,,4095000000.0,,,,,,,,,35000000.0,6580000000.0,5144000000.0,10105000000.0,,,,,,-4961000000.0,,,,,,,,,,1436000000.0,8176000000.0,7116000000.0,5656000000.0,5656000000.0,5656000000.0,,,,,,,5000000.0,5000000.0,,,,,,,1455000000.0,1060000000.0,948000000.0,948000000.0,,109000000.0,109000000.0,,,,,,3000000.0,7942000000.0,7942000000.0,,,,5832000000.0,,,2110000000.0,,8890000000.0,7942000000.0,,7942000000.0,2422000000.0,8895000000.0,7942000000.0,953000000.0,,686290000.0,686290000.0,,,,,,,,,,,,,,,,,,,,,,,,,,,,,,,,,,,,,,,,,,,,,,,,,,,,,,,,,,,,,,,,,,,,,,,,,,,,,,,,,,,,,,,,,,,,,,,,,,,,,,,,,,,,,,,,,,,,,,,,,,,,,,,,,,,,,,,,,,,,,,,,,,,,,,,,,,,,,,,,,,,,,,,,,,,,,,,,,,,,,,,,,,
2015-09-30,BA_,,,,,,,,,,98998000000.0,67576000000.0,9857000000.0,9383000000.0,474000000.0,9081000000.0,8854000000.0,,227000000.0,,48624000000.0,14275000000.0,6506000000.0,56278000000.0,,-28435000000.0,14000000.0,14000000.0,,,31422000000.0,11614000000.0,27802000000.0,,,,,,-16188000000.0,7828000000.0,5122000000.0,2706000000.0,1277000000.0,3231000000.0,6146000000.0,6146000000.0,,,1326000000.0,92212000000.0,57808000000.0,24547000000.0,11777000000.0,11777000000.0,,,,12770000000.0,,,614000000.0,614000000.0,,,,32647000000.0,9205000000.0,23442000000.0,,34404000000.0,8402000000.0,8402000000.0,,,,,378000000.0,,24541000000.0,24541000000.0,1083000000.0,6786000000.0,6740000000.0,5061000000.0,5061000000.0,4771000000.0,39069000000.0,28898000000.0,-13263000000.0,,46000000.0,15142000000.0,6740000000.0,,-1088000000.0,9768000000.0,15756000000.0,-1088000000.0,9016000000.0,,1012261159.0,670960953.0,341300206.0,,,,,,,,,,,,,,,,,,,,,,,,,,,,,,,,,,,,,,,,,,,,,,,,,,,,,,,,,,,,,,,,,,,,,,,,,,,,,,,,,,,,,,,,,,,,,,,,,,,,,,,,,,,,,,,,,,,,,,,,,,,,,,,,,,,,,,,,,,,,,,,,,,,,,,,,,,,,,,,,,,,,,,,,,,,,,,,,,,,,,,,,,
1994-01-31,RTX,8492441834.0,11206441834.0,162.35,,,3.629,2.36,,,,,,,,,,,,,,,,,,,,,,,,,,,,,,,,,,,,,,,,,,,,,,,,,,,,,,,,,,,,,,,,,,,,,,,,,,,,,,,,,,,,,,,,,,,,,,,,,,,,,,,,,,,,,,,,,,,,,,,,,,,,,,,,,,,,,,,,,,,,,,,,,,,,,,,,,,,,,,,,,,,,,,,,,,,,,,,,,,,,,,,,,,,,,,,,,,,,,,,,,,,,,,,,,,,,,,,,,,,,,,,,,,,,,,,,,,,,,,,,,,,,,,,,,,,,,,,,,,,,,,,,,,,,,,,,,,,,,,,,
2001-02-28,RTX,36671201887.0,41166201887.0,21.946,,,1.487,4.786,,,,,,,,,,,,,,,,,,,,,,,,,,,,,,,,,,,,,,,,,,,,,,,,,,,,,,,,,,,,,,,,,,,,,,,,,,,,,,,,,,,,,,,,,,,,,,,,,,,,,,,,,,,,,,,,,,,,,,,,,,,,,,,,,,,,,,,,,,,,,,,,,,,,,,,,,,,,,,,,,,,,,,,,,,,,,,,,,,,,,,,,,,,,,,,,,,,,,,,,,,,,,,,,,,,,,,,,,,,,,,,,,,,,,,,,,,,,,,,,,,,,,,,,,,,,,,,,,,,,,,,,,,,,,,,,,,,,,,,,
2007-09-30,RTX,79555132048.0,84856132048.0,20.958,,,1.569,4.145,6.121,38.641,,,,,,,,,,,,,,,,,,,,,,,,,,,,,,,,,,,,,,,,,,,,,,,,,,,,,,,,,,,,,,,,,,,,,,,,,,,,,,,,,,,,,,,,,,,,,,,,,,,,,,,,,,,,,,,,,,,,,,,,,,,,,,,,,,,,,,,,,,,,,,,,,,,,,,,,,,,,,,,,,,,,,,,,,,,,,,,,,,,,,,,,,,,,,,,,,,,,,,,,,,,,,,,,,,,,,,,,,,,,,,,,,,,,,,,,,,,,,,,,,,,,,,,,,,,,,,,,,,,,,,,,,,,,,,,,,,,,,,
2001-12-31,LHX,,,,,,,,,,,,,,,,,,,,,,,,,,,,,,,,,,,,,,,,,,,,,,,,,,,,,,,,,,,,,,,,,,,,,,,,,,,,,,,,,,,,,,,,,,,,,,,,,,,,,,,,,,,,,,,,,,,,,,,,,,,,,,,,,,,,,,,,,,,,,,,,,,,,,,,,,,,,,,,,,,,,,,,,,,451500000.0,451500000.0,333800000.0,117700000.0,89700000.0,97500000.0,,,,,,-7800000.0,28000000.0,,,7800000.0,,,7800000.0,,,,,24800000.0,8400000.0,16400000.0,16400000.0,16400000.0,16400000.0,,,,,16400000.0,0.125,0.125,131800000.0,132600000.0,,423500000.0,16400000.0,11241935.484,,,28000000.0,,333800000.0,12800000.0,16400000.0,7800000.0,7800000.0,33000000.0,0.339,2641935.484,,,,,,,,,,,,,,,,,,,,,,,,,,,,,,,,,,,,,,,,,,,,,,,,,,,,,,,,,,,,,,,,
1993-05-31,GE_,79267306417.0,156097306417.0,17.975,,,1.396,3.333,,,,,,,,,,,,,,,,,,,,,,,,,,,,,,,,,,,,,,,,,,,,,,,,,,,,,,,,,,,,,,,,,,,,,,,,,,,,,,,,,,,,,,,,,,,,,,,,,,,,,,,,,,,,,,,,,,,,,,,,,,,,,,,,,,,,,,,,,,,,,,,,,,,,,,,,,,,,,,,,,,,,,,,,,,,,,,,,,,,,,,,,,,,,,,,,,,,,,,,,,,,,,,,,,,,,,,,,,,,,,,,,,,,,,,,,,,,,,,,,,,,,,,,,,,,,,,,,,,,,,,,,,,,,,,,,,,,,,,,,
1989-10-31,LHX,897860340.0,1619560340.0,7.413,,,0.367,0.924,,,,,,,,,,,,,,,,,,,,,,,,,,,,,,,,,,,,,,,,,,,,,,,,,,,,,,,,,,,,,,,,,,,,,,,,,,,,,,,,,,,,,,,,,,,,,,,,,,,,,,,,,,,,,,,,,,,,,,,,,,,,,,,,,,,,,,,,,,,,,,,,,,,,,,,,,,,,,,,,,,,,,,,,,,,,,,,,,,,,,,,,,,,,,,,,,,,,,,,,,,,,,,,,,,,,,,,,,,,,,,,,,,,,,,,,,,,,,,,,,,,,,,,,,,,,,,,,,,,,,,,,,,,,,,,,,,,,,,,,
1991-09-30,RTX,,,,,,,,,,16157300000.0,9059300000.0,566000000.0,566000000.0,,3486000000.0,,,,,4035400000.0,,,,,,,,,971900000.0,7098000000.0,4527300000.0,9104800000.0,,,,,,-4577500000.0,,,,,,,,,,2570700000.0,10810300000.0,6149700000.0,1630900000.0,1630900000.0,1630900000.0,,,,,,,912100000.0,912100000.0,,,,,,,3606700000.0,4660600000.0,3000500000.0,3000500000.0,,369300000.0,369300000.0,,,,,,1290800000.0,5347000000.0,5347000000.0,81400000.0,0.0,,4100200000.0,,,1165400000.0,,8347500000.0,5265600000.0,,5347000000.0,2909600000.0,9178200000.0,5265600000.0,3912600000.0,3346600000.0,973064000.0,973064000.0,,,,,,,,,,,,,,,,,,,,,,,,,,,,,,,,,,,,,,,,,,,,,,,,,,,,,,,,,,,,,,,,,,,,,,,,,,,,,,,,,,,,,,,,,,,,,,,,,,,,,,,,,,,,,,,,,,,,,,,,,,,,,,,,,,,,,,,,,,,,,,,,,,,,,,,,,,,81400000.0,,,,,81400000.0,,,,,,,,,,,,,,,,,,,,,,,,,,
1991-03-31,BA_,,,,,,,,,,,,,,,,,,,,,,,,,,,,,,,,,,,,,,,,,,,,,,,,,,,,,,,,,,,,,,,,,,,,,,,,,,,,,,,,,,,,,,,,,,,,,,,,,,,,,,,210000000.0,210000000.0,309000000.0,-2000000.0,,166000000.0,166000000.0,,,,-39000000.0,-39000000.0,,,,,,-224000000.0,225000000.0,,-624000000.0,,-133000000.0,,,,-69000000.0,377000000.0,,,-345000000.0,-345000000.0,-350000000.0,-350000000.0,,,,,,,,,5000000.0,-80000000.0,-80000000.0,-1000000.0,,,,7000000.0,7000000.0,,-86000000.0,,,,0.0,-215000000.0,,3326000000.0,-3111000000.0,-350000000.0,7000000.0,,,,-140000000.0,,,,,,,,,,,,,,,,,,,,,,,,,,,,,,,,,,,,,,,,,,,,,,,,,,,,,,,,,,,,,,,,,,,,,,,,,,,,,,,,,,,,,,,,,,,,,,,,,,,,,,,,,,,,,,,,,,,,,,
2009-04-30,BA_,29084226175.0,33906226175.0,13.763,,,0.469,,,,,,,,,,,,,,,,,,,,,,,,,,,,,,,,,,,,,,,,,,,,,,,,,,,,,,,,,,,,,,,,,,,,,,,,,,,,,,,,,,,,,,,,,,,,,,,,,,,,,,,,,,,,,,,,,,,,,,,,,,,,,,,,,,,,,,,,,,,,,,,,,,,,,,,,,,,,,,,,,,,,,,,,,,,,,,,,,,,,,,,,,,,,,,,,,,,,,,,,,,,,,,,,,,,,,,,,,,,,,,,,,,,,,,,,,,,,,,,,,,,,,,,,,,,,,,,,,,,,,,,,,,,,,,,,,,,,,,,,,
2014-12-31,LMT,,,,,,,,,,,,,,,,,,,,,,,,,,,,,,,,,,,,,,,,,,,,,,,,,,,,,,,,,,,,,,,,,,,,,,,,,,,,,,,,,,,,,,,,,,,,,,,,,,,,,,,-201000000.0,-201000000.0,904000000.0,,,268000000.0,268000000.0,,,,,,,,36000000.0,,-79000000.0,-1048000000.0,259000000.0,259000000.0,11000000.0,,-501000000.0,-501000000.0,-501000000.0,,,,-817000000.0,,-659000000.0,-659000000.0,,,,,,-276000000.0,-276000000.0,,,,6000000.0,-657000000.0,-657000000.0,0.0,0.0,,0.0,-224000000.0,,-224000000.0,-474000000.0,-474000000.0,30000000.0,11000000.0,1446000000.0,-1517000000.0,,2963000000.0,,-389000000.0,,,0.0,-224000000.0,-590000000.0,,,,,,,,,,,,,,,,,,,,,,,,,,,,,,,,,,,,,,,,,,,,,,,,,,,,,,,,,,-389000000.0,,,,,,,,,,,,,,,,,,,,,,,,,,,,,,,,,,,,,,,,,,,,,,,,,,,,,,,,,,,,
1997-01-31,BA_,38622925762.0,37357925762.0,33.582,,,1.628,3.53,,,,,,,,,,,,,,,,,,,,,,,,,,,,,,,,,,,,,,,,,,,,,,,,,,,,,,,,,,,,,,,,,,,,,,,,,,,,,,,,,,,,,,,,,,,,,,,,,,,,,,,,,,,,,,,,,,,,,,,,,,,,,,,,,,,,,,,,,,,,,,,,,,,,,,,,,,,,,,,,,,,,,,,,,,,,,,,,,,,,,,,,,,,,,,,,,,,,,,,,,,,,,,,,,,,,,,,,,,,,,,,,,,,,,,,,,,,,,,,,,,,,,,,,,,,,,,,,,,,,,,,,,,,,,,,,,,,,,,,,
2020-09-30,RTX,87901282394.0,115399282394.0,40.238,15.625,,0.75,1.308,,,,,,,,,,,,,,,,,,,,,,,,,,,,,,,,,,,,,,,,,,,,,,,,,,,,,,,,,,,,,,,,,,,,,,,,,,,,,,,,,,,,,,,,,,,,,,,,,,,,,,,,,,,,,,,,,,,,,,,,,,,,,,,,,,,,,,,,,,,,,,,,,,,,,,,,,,,,,,,,,,,,,,,,,,,,,,,,,,,,,,,,,,,,,,,,,,,,,,,,,,,,,,,,,,,,,,,,,,,,,,,,,,,,,,,,,,,,,,,,,,,,,,,,,,,,,,,,,,,,,,,,,,,,,,,,,,,,,,,,
1995-09-29,LMT,6722315750.0,11261315750.0,,,,,,,,,,,,,,,,,,,,,,,,,,,,,,,,,,,,,,,,,,,,,,,,,,,,,,,,,,,,,,,,,,,,,,,,,,,,,,,,,,,,,,,,,,,,,,,,,,,,,,,,,,,,,,,,,,,,,,,,,,,,,,,,,,,,,,,,,,,,,,,,,,,,,,,,,,,,,,,,,,,,,,,,,,,,,,,,,,,,,,,,,,,,,,,,,,,,,,,,,,,,,,,,,,,,,,,,,,,,,,,,,,,,,,,,,,,,,,,,,,,,,,,,,,,,,,,,,,,,,,,,,,,,,,,,,,,,,,,,,,,,,
1996-11-29,LHX,2115636600.0,2913136600.0,,,,,,,,,,,,,,,,,,,,,,,,,,,,,,,,,,,,,,,,,,,,,,,,,,,,,,,,,,,,,,,,,,,,,,,,,,,,,,,,,,,,,,,,,,,,,,,,,,,,,,,,,,,,,,,,,,,,,,,,,,,,,,,,,,,,,,,,,,,,,,,,,,,,,,,,,,,,,,,,,,,,,,,,,,,,,,,,,,,,,,,,,,,,,,,,,,,,,,,,,,,,,,,,,,,,,,,,,,,,,,,,,,,,,,,,,,,,,,,,,,,,,,,,,,,,,,,,,,,,,,,,,,,,,,,,,,,,,,,,,,,,,
2009-11-30,LHX,5782381172.0,6754181172.0,19.511,,,1.155,3.01,,,,,,,,,,,,,,,,,,,,,,,,,,,,,,,,,,,,,,,,,,,,,,,,,,,,,,,,,,,,,,,,,,,,,,,,,,,,,,,,,,,,,,,,,,,,,,,,,,,,,,,,,,,,,,,,,,,,,,,,,,,,,,,,,,,,,,,,,,,,,,,,,,,,,,,,,,,,,,,,,,,,,,,,,,,,,,,,,,,,,,,,,,,,,,,,,,,,,,,,,,,,,,,,,,,,,,,,,,,,,,,,,,,,,,,,,,,,,,,,,,,,,,,,,,,,,,,,,,,,,,,,,,,,,,,,,,,,,,,,
1993-06-30,LHX,1109308040.0,1626208040.0,9.933,,,0.356,0.972,,,,,,,,,,,,,,,,,,,,,,,,,,,,,,,,,,,,,,,,,,,,,,,,,,,,,,,,,,,,,,,,,,,,,,,,,,,,,,,,,,,,,,,,,,,,,,,,,,,,,,,,,,,,,,,,,,,,,,,,,,,,,,,,,,,,,,,,,,,,,,,,,,,,,,,,,,,,,,,,,,,,,,,,,,,,,,,,,,,,,,,,,,,,,,,,,,,,,,,,,,,,,,,,,,,,,,,,,,,,,,,,,,,,,,,,,,,,,,,,,,,,,,,,,,,,,,,,,,,,,,,,,,,,,,,,,,,,,,,,
2012-06-30,BA_,,,,,,,,,,,,,,,,,,,,,,,,,,,,,,,,,,,,,,,,,,,,,,,,,,,,,,,,,,,,,,,,,,,,,,,,,,,,,,,,,,,,,,,,,,,,,,,,,,,,,,,908000000.0,908000000.0,,2000000.0,,422000000.0,,,,,,,,9000000.0,49000000.0,1000000.0,1177000000.0,-752000000.0,419000000.0,419000000.0,-2240000000.0,,674000000.0,236000000.0,236000000.0,438000000.0,,8000000.0,387000000.0,,-585000000.0,-585000000.0,-344000000.0,-356000000.0,12000000.0,,,-18000000.0,,-217000000.0,-2678000000.0,2461000000.0,,-710000000.0,-710000000.0,-418000000.0,-422000000.0,,-422000000.0,,,,-330000000.0,,43000000.0,-5000000.0,6305000000.0,-387000000.0,-26000000.0,6718000000.0,,-362000000.0,,,-422000000.0,,546000000.0,,,,,,,,,,,,,,,,,,,,,,,,,,,,,,,,,,,,,,,,,,,,,,,,,,,,,,,,,,,,,,,,,,,,,,,,,,,,,,,,,,,,,,,,,,,,,,,,,,,,,,,,,,,,,,,,,,,,,,
2020-03-31,LHX,,,,,,,,,,,,,,,,,,,,,,,,,,,,,,,,,,,,,,,,,,,,,,,,,,,,,,,,,,,,,,,,,,,,,,,,,,,,,,,,,,,,,,,,,,,,,,,,,,,,,,,,,,,,,,,,,,,,,,,,,,,,,,,,,,,,,,,,,,,,,,,,,,,,,,,,,,,,,,,,,,,,,,,,,,4626000000.0,4626000000.0,3298000000.0,1328000000.0,815000000.0,815000000.0,,,,,,,513000000.0,-63000000.0,68000000.0,-229000000.0,,,-324000000.0,,,,95000000.0,221000000.0,26000000.0,217000000.0,217000000.0,194000000.0,195000000.0,-1000000.0,,23000000.0,,217000000.0,1.0,0.99,217300000.0,219300000.0,,4113000000.0,217000000.0,503768000.0,68000000.0,-63000000.0,289000000.0,,3298000000.0,230000000.0,218000000.0,-324000000.0,-324000000.0,843000000.0,0.118,-38232000.0,,,,,,,,,,,,5000000.0,,,5000000.0,,,,,,,,,,,,,,,,,,,,,,,,,,,,,,,,,,,,324000000.0,,,,,,,,,,,,,
2016-08-31,HII,7728111381.0,8152111381.0,18.251,17.513,,1.098,4.794,,,,,,,,,,,,,,,,,,,,,,,,,,,,,,,,,,,,,,,,,,,,,,,,,,,,,,,,,,,,,,,,,,,,,,,,,,,,,,,,,,,,,,,,,,,,,,,,,,,,,,,,,,,,,,,,,,,,,,,,,,,,,,,,,,,,,,,,,,,,,,,,,,,,,,,,,,,,,,,,,,,,,,,,,,,,,,,,,,,,,,,,,,,,,,,,,,,,,,,,,,,,,,,,,,,,,,,,,,,,,,,,,,,,,,,,,,,,,,,,,,,,,,,,,,,,,,,,,,,,,,,,,,,,,,,,,,,,,,,,
2013-12-31,RTX,104318866800.0,120885866800.0,20.035,16.313,1.594,1.656,3.65,7.213,42.312,,,,,,,,,,,,,,,,,,,,,,,,,,,,,,,,,,,,,,,,,,,,,,,,,,,,,,,,,,,,,,,,,,,,,,,,,,,,,,,,,,,,,,,,,,,,,,,,,,,,,,,,,,,,,,,,,,,,,,,,,,,,,,,,,,,,,,,,,,,,,,,,,,,,,,,,,,,,,,,,,,,,,,,,,,,,,,,,,,,,,,,,,,,,,,,,,,,,,,,,,,,,,,,,,,,,,,,,,,,,,,,,,,,,,,,,,,,,,,,,,,,,,,,,,,,,,,,,,,,,,,,,,,,,,,,,,,,,,,
2001-12-31,GE_,,,,,,,,,,,,,,,,,,,,,,,,,,,,,,,,,,,,,,,,,,,,,,,,,,,,,,,,,,,,,,,,,,,,,,,,,,,,,,,,,,,,,,,,,,,,,,,,,,,,,,,8525000000.0,8525000000.0,3933000000.0,,,1818000000.0,1818000000.0,1404000000.0,414000000.0,414000000.0,752000000.0,752000000.0,,,,,-1517000000.0,2604000000.0,489000000.0,,-31000000.0,,2515000000.0,2515000000.0,2515000000.0,,,,-369000000.0,,-18685000000.0,-18685000000.0,3437000000.0,-3908000000.0,,,,-5600000000.0,-5600000000.0,,,,-16522000000.0,10408000000.0,10408000000.0,36795000000.0,13014000000.0,13014000000.0,,-640000000.0,,,-1590000000.0,,,-24157000000.0,9082000000.0,248000000.0,,8834000000.0,,-3908000000.0,,13014000000.0,,,4617000000.0,,,,,,,,,,,,,,,,,,,,,,,,,,,,,,,,,,,,,,,,,,,,,,,,,,,,,,,,,,,,23781000000.0,,,,,,,,,,,,,,,,,,,,,,,,,,,,,,,,,,,,,935000000.0,,,,,,,,,,,,,,,,,,,,,
2014-12-31,GE_,,,,,,,,,,648349000000.0,420487000000.0,138115000000.0,90208000000.0,47907000000.0,257148000000.0,248053000000.0,,9095000000.0,,17689000000.0,9820000000.0,,7176000000.0,755000000.0,-62000000.0,,,7535000000.0,,227862000000.0,66387000000.0,,,,,,,,90709000000.0,76553000000.0,14156000000.0,0.0,,2541000000.0,2541000000.0,,,68225000000.0,511516000000.0,190544000000.0,31192000000.0,18655000000.0,16338000000.0,,,2317000000.0,12537000000.0,,,142070000000.0,142070000000.0,25512000000.0,48252000000.0,,,,,17282000000.0,320972000000.0,222910000000.0,222910000000.0,,,,,,,,,98062000000.0,136833000000.0,128159000000.0,702000000.0,702000000.0,,155333000000.0,42593000000.0,-18172000000.0,32889000000.0,8674000000.0,351069000000.0,128159000000.0,,37450000000.0,229943000000.0,493139000000.0,37450000000.0,364980000000.0,274772000000.0,11693841000.0,10057380000.0,1636461000.0,,,,,,,,,,,,,,,,,,,,,,,,,,,,,,,,,,,,,,,,,,,,,,,,,,,,,,,,,,,,,,,,,,,,,,,,,,,,,,,,,,,,,,,,,,,,,,,,,,,,,,,,,,,,,,,,,,,,,,,,,,,,,,,,,,,,,,,,,248548000000.0,-495000000.0,,,,,,0.0,0.0,,,,,5467000000.0,62839000000.0,,1225000000.0,0.0,1013000000.0,-16578000000.0,-2427000000.0,-180000000.0,,40000.0,,,,,,,,,,,,,,,,,,,,,,,,,
2016-08-31,GD_,46469549286.0,48006549286.0,16.125,16.051,4.663,1.542,4.226,,,,,,,,,,,,,,,,,,,,,,,,,,,,,,,,,,,,,,,,,,,,,,,,,,,,,,,,,,,,,,,,,,,,,,,,,,,,,,,,,,,,,,,,,,,,,,,,,,,,,,,,,,,,,,,,,,,,,,,,,,,,,,,,,,,,,,,,,,,,,,,,,,,,,,,,,,,,,,,,,,,,,,,,,,,,,,,,,,,,,,,,,,,,,,,,,,,,,,,,,,,,,,,,,,,,,,,,,,,,,,,,,,,,,,,,,,,,,,,,,,,,,,,,,,,,,,,,,,,,,,,,,,,,,,,,,,,,,,,,
2015-10-30,BA_,99204476242.0,98363476242.0,,,,,,,,,,,,,,,,,,,,,,,,,,,,,,,,,,,,,,,,,,,,,,,,,,,,,,,,,,,,,,,,,,,,,,,,,,,,,,,,,,,,,,,,,,,,,,,,,,,,,,,,,,,,,,,,,,,,,,,,,,,,,,,,,,,,,,,,,,,,,,,,,,,,,,,,,,,,,,,,,,,,,,,,,,,,,,,,,,,,,,,,,,,,,,,,,,,,,,,,,,,,,,,,,,,,,,,,,,,,,,,,,,,,,,,,,,,,,,,,,,,,,,,,,,,,,,,,,,,,,,,,,,,,,,,,,,,,,,,,,,,,,
1999-04-30,LHX,2296693460.0,3379993460.0,23.218,,,0.617,1.401,,,,,,,,,,,,,,,,,,,,,,,,,,,,,,,,,,,,,,,,,,,,,,,,,,,,,,,,,,,,,,,,,,,,,,,,,,,,,,,,,,,,,,,,,,,,,,,,,,,,,,,,,,,,,,,,,,,,,,,,,,,,,,,,,,,,,,,,,,,,,,,,,,,,,,,,,,,,,,,,,,,,,,,,,,,,,,,,,,,,,,,,,,,,,,,,,,,,,,,,,,,,,,,,,,,,,,,,,,,,,,,,,,,,,,,,,,,,,,,,,,,,,,,,,,,,,,,,,,,,,,,,,,,,,,,,,,,,,,,,
2003-03-31,LMT,,,,,,,,,,,,,,,,,,,,,,,,,,,,,,,,,,,,,,,,,,,,,,,,,,,,,,,,,,,,,,,,,,,,,,,,,,,,,,,,,,,,,,,,,,,,,,,,,,,,,,,,,,,,,,,,,,,,,,,,,,,,,,,,,,,,,,,,,,,,,,,,,,,,,,,,,,,,,,,,,,,,,,,,,,7059000000.0,7059000000.0,6587000000.0,472000000.0,,,,,,,,,472000000.0,,,33000000.0,,,33000000.0,,,,,365000000.0,115000000.0,250000000.0,250000000.0,250000000.0,250000000.0,,,,,250000000.0,0.56,0.55,446428571.0,454545455.0,472000000.0,6587000000.0,250000000.0,227397260.274,,,472000000.0,,6587000000.0,139000000.0,250000000.0,33000000.0,33000000.0,578000000.0,0.315,10397260.274,,,,,,,,,,,,,,,,,,,,,,,,,,,,,,,,,,,,,,,,,,,,,,,,,,,,,,,,,,,,,,,,
1991-03-31,GE_,,,,,,,,,,157449000000.0,89211000000.0,1791000000.0,1791000000.0,,57847000000.0,,,,,7425000000.0,,,,,,,,,22148000000.0,68238000000.0,17577000000.0,31518000000.0,,,,,,-13941000000.0,9181000000.0,,9181000000.0,,,,,,,41480000000.0,134425000000.0,61605000000.0,7070000000.0,7070000000.0,7070000000.0,,,,,,,44648000000.0,44648000000.0,,,,,,,9887000000.0,72820000000.0,22283000000.0,22283000000.0,,3869000000.0,3869000000.0,,,,,,46668000000.0,23024000000.0,21860000000.0,,,,23512000000.0,,,-1652000000.0,1164000000.0,44143000000.0,21860000000.0,,12679000000.0,27606000000.0,88791000000.0,12679000000.0,66931000000.0,65140000000.0,10457681682.0,10457681682.0,,,,,,,,,,,,,,,,,,,,,,,,,,,,,,,,,,,,,,,,,,,,,,,,,,,,,,,,,,,,,,,,,,,,,,,,,,,,,,,,,,,,,,,,,,,,,,,,,,,,,,,,,,,,,,,,,,,,,,,,,,,,,,,,,,,,,,,,,,,,,,,,,,,,,,,,,,,,,,,,,,,,,,,,,,,,,,,,,,,,,,,,,,
1995-01-31,LHX,1219605700.0,1879805700.0,10.19,,,0.361,1.039,,,,,,,,,,,,,,,,,,,,,,,,,,,,,,,,,,,,,,,,,,,,,,,,,,,,,,,,,,,,,,,,,,,,,,,,,,,,,,,,,,,,,,,,,,,,,,,,,,,,,,,,,,,,,,,,,,,,,,,,,,,,,,,,,,,,,,,,,,,,,,,,,,,,,,,,,,,,,,,,,,,,,,,,,,,,,,,,,,,,,,,,,,,,,,,,,,,,,,,,,,,,,,,,,,,,,,,,,,,,,,,,,,,,,,,,,,,,,,,,,,,,,,,,,,,,,,,,,,,,,,,,,,,,,,,,,,,,,,,,
2017-02-28,BA_,110387025827.0,110310025827.0,23.683,19.455,2.683,1.225,135.113,,,,,,,,,,,,,,,,,,,,,,,,,,,,,,,,,,,,,,,,,,,,,,,,,,,,,,,,,,,,,,,,,,,,,,,,,,,,,,,,,,,,,,,,,,,,,,,,,,,,,,,,,,,,,,,,,,,,,,,,,,,,,,,,,,,,,,,,,,,,,,,,,,,,,,,,,,,,,,,,,,,,,,,,,,,,,,,,,,,,,,,,,,,,,,,,,,,,,,,,,,,,,,,,,,,,,,,,,,,,,,,,,,,,,,,,,,,,,,,,,,,,,,,,,,,,,,,,,,,,,,,,,,,,,,,,,,,,,,,,
2009-07-31,LHX,4113216679.0,5112416679.0,13.323,,,0.833,2.201,,,,,,,,,,,,,,,,,,,,,,,,,,,,,,,,,,,,,,,,,,,,,,,,,,,,,,,,,,,,,,,,,,,,,,,,,,,,,,,,,,,,,,,,,,,,,,,,,,,,,,,,,,,,,,,,,,,,,,,,,,,,,,,,,,,,,,,,,,,,,,,,,,,,,,,,,,,,,,,,,,,,,,,,,,,,,,,,,,,,,,,,,,,,,,,,,,,,,,,,,,,,,,,,,,,,,,,,,,,,,,,,,,,,,,,,,,,,,,,,,,,,,,,,,,,,,,,,,,,,,,,,,,,,,,,,,,,,,,,,
1997-03-31,LMT,,,,,,,,,,29367000000.0,10055000000.0,0.0,0.0,,5242000000.0,5242000000.0,,,,3411000000.0,,4968000000.0,,975000000.0,-2532000000.0,1074000000.0,1074000000.0,,328000000.0,19312000000.0,3703000000.0,,,,,,,,12045000000.0,10325000000.0,1720000000.0,,,,,,,3564000000.0,22275000000.0,9141000000.0,2187000000.0,2187000000.0,1331000000.0,856000000.0,856000000.0,,,,1094000000.0,1359000000.0,1359000000.0,,,,2790000000.0,,2790000000.0,1711000000.0,13134000000.0,9889000000.0,9889000000.0,,,,,,,2115000000.0,2115000000.0,1130000000.0,7092000000.0,7092000000.0,1193000000.0,193000000.0,117000000.0,6021000000.0,,,-239000000.0,,16981000000.0,6092000000.0,,-4953000000.0,914000000.0,17340000000.0,-5953000000.0,11248000000.0,11248000000.0,386256000.0,386256000.0,,,,,,,,,,,,,,,,,,,,,,,,,,,,,,,,,,,,,,,,,,,,,,,,,,,,,,,,,,,,,,,,,,,,,,,,,,,,,,,,,,,,,,,,,,,,,,,,,,,,,,,,,,,,,,,,,,,,,,,,,,,,,,,,,,,,,,,,,,,,,,,,,,,,,,,,,,,1000000000.0,,,,,1000000000.0,,,,,,,,,,,,,,,,,,,,,,,,,,
2012-03-31,GE_,,,,,,,,,,707719000000.0,446295000000.0,131479000000.0,83650000000.0,47829000000.0,299604000000.0,299604000000.0,,,,15212000000.0,9387000000.0,,6282000000.0,,-457000000.0,,,,131500000000.0,261424000000.0,66000000000.0,108970000000.0,,,,,,-42970000000.0,84880000000.0,72959000000.0,11921000000.0,0.0,,,,,,110544000000.0,586131000000.0,217204000000.0,29503000000.0,18830000000.0,17031000000.0,,,1799000000.0,10673000000.0,,,148161000000.0,148161000000.0,,,,,,,39540000000.0,368927000000.0,253529000000.0,253529000000.0,,281000000.0,281000000.0,,,,,,113428000000.0,121588000000.0,119867000000.0,702000000.0,702000000.0,33594000000.0,139019000000.0,31315000000.0,-22133000000.0,,1721000000.0,373396000000.0,119867000000.0,,34987000000.0,229091000000.0,521557000000.0,34987000000.0,401690000000.0,318040000000.0,10587317000.0,10587317000.0,,,,,,,,,,,,,,,,,,,,,,,,,,,,,,,,,,,,,,,,,,,,,,,,,,,,,,,,,,,,,,,,,,,,,,,,,,,,,,,,,,,,,,,,,,,,,,,,,,,,,,,,,,,,,,,,,,,,,,,,,,,,,,,,,,,,,,,,,,,,272700000000.0,,,,,0.0,,0.0,,,,,,,1689000000.0,,-747000000.0,-21862000000.0,476000000.0,,,,,,,,,,,,,,,,,,,,,,,,,,,,
2001-09-30,GE_,,,,,,,,,,460097000000.0,313050000000.0,106435000000.0,8834000000.0,97601000000.0,198175000000.0,198175000000.0,,,,8440000000.0,4776000000.0,,4455000000.0,,-791000000.0,,,,,147047000000.0,42135000000.0,72641000000.0,,,,,,-30506000000.0,28106000000.0,,28106000000.0,,,,,,,76806000000.0,401638000000.0,168788000000.0,16192000000.0,16192000000.0,16192000000.0,,,,,,,125473000000.0,125473000000.0,,,,,,,27123000000.0,232850000000.0,81035000000.0,81035000000.0,,8949000000.0,8949000000.0,,,,,,142866000000.0,58459000000.0,53597000000.0,669000000.0,669000000.0,,66553000000.0,26366000000.0,-3549000000.0,16290000000.0,4862000000.0,134632000000.0,53597000000.0,,25491000000.0,144262000000.0,260105000000.0,25491000000.0,206508000000.0,197674000000.0,9927381000.0,9927381000.0,,,,,,,,,,,,,,,,,,,,,,,,,,,,,,,,,,,,,,,,,,,,,,,,,,,,,,,,,,,,,,,,,,,,,,,,,,,,,,,,,,,,,,,,,,,,,,,,,,,,,,,,,,,,,,,,,,,,,,,,,,,,,,,,,,,,,,,,,,,,,,,,,,,,,,,,,,,,413000000.0,,-2460000000.0,-1502000000.0,,,,,,,,,,,,,,,,,,,,,,,,,,,
1996-09-30,LHX,,,,,,,,,,,,,,,,,,,,,,,,,,,,,,,,,,,,,,,,,,,,,,,,,,,,,,,,,,,,,,,,,,,,,,,,,,,,,,,,,,,,,,,,,,,,,,,,,,,,,,,14500000.0,14500000.0,38100000.0,,,41800000.0,41800000.0,,,,-1700000.0,-1700000.0,,,,,5300000.0,-69000000.0,-40100000.0,,,,-3200000.0,,,,-37100000.0,11400000.0,,,-101600000.0,-101600000.0,-101600000.0,-101600000.0,,,,,,,,,,80900000.0,80900000.0,93200000.0,,,,2400000.0,2400000.0,,-14700000.0,,,,0.0,-6200000.0,-700000.0,74600000.0,-67700000.0,-101600000.0,2400000.0,,,,-87100000.0,,,,,,,,,,,,,,,,,,,,,,,,,,,,,,,,,,,,,,,,,,,,,,,,,,,,,,,,,,,,,,,,,,,,,,,,,,,,,,,,,,,,,,,,,,,,,,,,,,,,,,,,,,,,,,,,,,,,,,
2005-12-31,GD_,,,,,,,,,,,,,,,,,,,,,,,,,,,,,,,,,,,,,,,,,,,,,,,,,,,,,,,,,,,,,,,,,,,,,,,,,,,,,,,,,,,,,,,,,,,,,,,,,,,,,,,,,,,,,,,,,,,,,,,,,,,,,,,,,,,,,,,,,,,,,,,,,,,,,,,,,,,,,,,,,,,,,,,,,,5831000000.0,5831000000.0,6174000000.0,-343000000.0,-955000000.0,,,,,,,,612000000.0,,,24000000.0,,,24000000.0,,,,,611000000.0,205000000.0,406000000.0,406000000.0,406000000.0,406000000.0,0.0,,,,406000000.0,,,,,612000000.0,5219000000.0,406000000.0,390052373.159,,,787000000.0,,6174000000.0,87000000.0,406000000.0,24000000.0,24000000.0,850000000.0,0.336,8052373.159,,,,,,,,,,,,,,,,,,,,,,,,,,,,,,,,,,,,,,,,,,,,,,,,,,,,,,,,,,,,,,,,
1994-06-30,LMT,,,,,,,,,,,,,,,,,,,,,,,,,,,,,,,,,,,,,,,,,,,,,,,,,,,,,,,,,,,,,,,,,,,,,,,,,,,,,,,,,,,,,,,,,,,,,,,,,,,,,,,,,,,,,,,,,,,,,,,,,,,,,,,,,,,,,,,,,,,,,,,,,,,,,,,,,,,,,,,,,,,,,,,,,,5562000000.0,5562000000.0,,,,,,,,,,,5562000000.0,,,,,,,,,,,,,259000000.0,259000000.0,259000000.0,259000000.0,,,,,259000000.0,0.6,0.6,431666667.0,431666667.0,,,259000000.0,259000000.0,,,5562000000.0,,,266000000.0,259000000.0,,,5828000000.0,0.4,0.0,,,,,,,,,,,,,,,,,,,,,,,,,,,,,,,,,,,,,,,,,,,,,,,,,,,,,,,,,,,,,,,,
2019-11-29,LMT,110298386580.0,121311386580.0,,,,,,,,,,,,,,,,,,,,,,,,,,,,,,,,,,,,,,,,,,,,,,,,,,,,,,,,,,,,,,,,,,,,,,,,,,,,,,,,,,,,,,,,,,,,,,,,,,,,,,,,,,,,,,,,,,,,,,,,,,,,,,,,,,,,,,,,,,,,,,,,,,,,,,,,,,,,,,,,,,,,,,,,,,,,,,,,,,,,,,,,,,,,,,,,,,,,,,,,,,,,,,,,,,,,,,,,,,,,,,,,,,,,,,,,,,,,,,,,,,,,,,,,,,,,,,,,,,,,,,,,,,,,,,,,,,,,,,,,,,,,,
2015-07-31,LHX,10257667202.0,11373067202.0,16.688,,,1.796,5.573,,,,,,,,,,,,,,,,,,,,,,,,,,,,,,,,,,,,,,,,,,,,,,,,,,,,,,,,,,,,,,,,,,,,,,,,,,,,,,,,,,,,,,,,,,,,,,,,,,,,,,,,,,,,,,,,,,,,,,,,,,,,,,,,,,,,,,,,,,,,,,,,,,,,,,,,,,,,,,,,,,,,,,,,,,,,,,,,,,,,,,,,,,,,,,,,,,,,,,,,,,,,,,,,,,,,,,,,,,,,,,,,,,,,,,,,,,,,,,,,,,,,,,,,,,,,,,,,,,,,,,,,,,,,,,,,,,,,,,,,
2021-01-15,RTX,105095176679.0,129526176679.0,,,,,,,,,,,,,,,,,,,,,,,,,,,,,,,,,,,,,,,,,,,,,,,,,,,,,,,,,,,,,,,,,,,,,,,,,,,,,,,,,,,,,,,,,,,,,,,,,,,,,,,,,,,,,,,,,,,,,,,,,,,,,,,,,,,,,,,,,,,,,,,,,,,,,,,,,,,,,,,,,,,,,,,,,,,,,,,,,,,,,,,,,,,,,,,,,,,,,,,,,,,,,,,,,,,,,,,,,,,,,,,,,,,,,,,,,,,,,,,,,,,,,,,,,,,,,,,,,,,,,,,,,,,,,,,,,,,,,,,,,,,,,
1986-12-31,LHX,702000000.0,803900000.0,10.165,,,0.336,0.779,,,,,,,,,,,,,,,,,,,,,,,,,,,,,,,,,,,,,,,,,,,,,,,,,,,,,,,,,,,,,,,,,,,,,,,,,,,,,,,,,,,,,,,,,,,,,,,,,,,,,,,,,,,,,,,,,,,,,,,,,,,,,,,,,,,,,,,,,,,,,,,,,,,,,,,,,,,,,,,,,,,,,,,,,,,,,,,,,,,,,,,,,,,,,,,,,,,,,,,,,,,,,,,,,,,,,,,,,,,,,,,,,,,,,,,,,,,,,,,,,,,,,,,,,,,,,,,,,,,,,,,,,,,,,,,,,,,,,,,,
1997-03-31,BA_,,,,,,,,,,,,,,,,,,,,,,,,,,,,,,,,,,,,,,,,,,,,,,,,,,,,,,,,,,,,,,,,,,,,,,,,,,,,,,,,,,,,,,,,,,,,,,,,,,,,,,,568000000.0,568000000.0,377000000.0,-98000000.0,,284000000.0,284000000.0,,,,,,,,,,,5000000.0,-231000000.0,,-361000000.0,,627000000.0,,,,-425000000.0,395000000.0,,,-260000000.0,-260000000.0,-293000000.0,-293000000.0,,,,,,,,,33000000.0,-141000000.0,-141000000.0,-8000000.0,,,,-32000000.0,,-32000000.0,-101000000.0,,,,4542000000.0,167000000.0,,4375000000.0,,-293000000.0,,,,-32000000.0,275000000.0,,,,,,,,,,,,,,,,,,,,,,,,,,,,,,,,,,,,,,,,,,,,,,,,,,,,,,,,,,,,,,,,,,,,,,,,,,,,,,,,,,,,,,,,,,,,,,,,,,,,,,,,,,,,,,,,,,,,,,
2014-10-31,GD_,46315030202.0,45121030202.0,18.886,16.667,2.554,1.569,3.56,,,,,,,,,,,,,,,,,,,,,,,,,,,,,,,,,,,,,,,,,,,,,,,,,,,,,,,,,,,,,,,,,,,,,,,,,,,,,,,,,,,,,,,,,,,,,,,,,,,,,,,,,,,,,,,,,,,,,,,,,,,,,,,,,,,,,,,,,,,,,,,,,,,,,,,,,,,,,,,,,,,,,,,,,,,,,,,,,,,,,,,,,,,,,,,,,,,,,,,,,,,,,,,,,,,,,,,,,,,,,,,,,,,,,,,,,,,,,,,,,,,,,,,,,,,,,,,,,,,,,,,,,,,,,,,,,,,,,,,,
2007-04-30,LMT,40342691738.0,41690691738.0,15.865,,,1.051,5.74,,,,,,,,,,,,,,,,,,,,,,,,,,,,,,,,,,,,,,,,,,,,,,,,,,,,,,,,,,,,,,,,,,,,,,,,,,,,,,,,,,,,,,,,,,,,,,,,,,,,,,,,,,,,,,,,,,,,,,,,,,,,,,,,,,,,,,,,,,,,,,,,,,,,,,,,,,,,,,,,,,,,,,,,,,,,,,,,,,,,,,,,,,,,,,,,,,,,,,,,,,,,,,,,,,,,,,,,,,,,,,,,,,,,,,,,,,,,,,,,,,,,,,,,,,,,,,,,,,,,,,,,,,,,,,,,,,,,,,,,
2007-08-31,GD_,31872407910.0,32867407910.0,17.266,,,1.261,3.001,,,,,,,,,,,,,,,,,,,,,,,,,,,,,,,,,,,,,,,,,,,,,,,,,,,,,,,,,,,,,,,,,,,,,,,,,,,,,,,,,,,,,,,,,,,,,,,,,,,,,,,,,,,,,,,,,,,,,,,,,,,,,,,,,,,,,,,,,,,,,,,,,,,,,,,,,,,,,,,,,,,,,,,,,,,,,,,,,,,,,,,,,,,,,,,,,,,,,,,,,,,,,,,,,,,,,,,,,,,,,,,,,,,,,,,,,,,,,,,,,,,,,,,,,,,,,,,,,,,,,,,,,,,,,,,,,,,,,,,,
1990-06-30,LHX,,,,,,,,,,,,,,,,,,,,,,,,,,,,,,,,,,,,,,,,,,,,,,,,,,,,,,,,,,,,,,,,,,,,,,,,,,,,,,,,,,,,,,,,,,,,,,,,,,,,,,,,,,,,,,,,,,,,,,,,,,,,,,,,,,,,,,,,,,,,,,,,,,,,,,,,,,,,,,,,,,,,,,,,,,790200000.0,790200000.0,451900000.0,338300000.0,295100000.0,240600000.0,,,,54500000.0,54500000.0,,43200000.0,,,30100000.0,,,30100000.0,,,,,53000000.0,13500000.0,39500000.0,39500000.0,39500000.0,39500000.0,,,,,39500000.0,,,,,,747000000.0,39500000.0,17066981.132,,,43200000.0,,451900000.0,54500000.0,39500000.0,30100000.0,30100000.0,67600000.0,0.255,7666981.132,,,,,,,,,,,,,,,,,,,,,,,,,,,,,,,,,,,,,,,,,,,,,,,,,,,,,,,,,,,,,,,,
2015-03-31,HII,6811290000.0,7521290000.0,20.43,14.577,1.073,0.993,4.99,,,,,,,,,,,,,,,,,,,,,,,,,,,,,,,,,,,,,,,,,,,,,,,,,,,,,,,,,,,,,,,,,,,,,,,,,,,,,,,,,,,,,,,,,,,,,,,,,,,,,,,,,,,,,,,,,,,,,,,,,,,,,,,,,,,,,,,,,,,,,,,,,,,,,,,,,,,,,,,,,,,,,,,,,,,,,,,,,,,,,,,,,,,,,,,,,,,,,,,,,,,,,,,,,,,,,,,,,,,,,,,,,,,,,,,,,,,,,,,,,,,,,,,,,,,,,,,,,,,,,,,,,,,,,,,,,,,,,,,,
1995-08-31,BA_,21891852544.0,21028852544.0,77.108,,,1.052,2.297,,,,,,,,,,,,,,,,,,,,,,,,,,,,,,,,,,,,,,,,,,,,,,,,,,,,,,,,,,,,,,,,,,,,,,,,,,,,,,,,,,,,,,,,,,,,,,,,,,,,,,,,,,,,,,,,,,,,,,,,,,,,,,,,,,,,,,,,,,,,,,,,,,,,,,,,,,,,,,,,,,,,,,,,,,,,,,,,,,,,,,,,,,,,,,,,,,,,,,,,,,,,,,,,,,,,,,,,,,,,,,,,,,,,,,,,,,,,,,,,,,,,,,,,,,,,,,,,,,,,,,,,,,,,,,,,,,,,,,,,
1988-09-30,RTX,,,,,,,,,,,,,,,,,,,,,,,,,,,,,,,,,,,,,,,,,,,,,,,,,,,,,,,,,,,,,,,,,,,,,,,,,,,,,,,,,,,,,,,,,,,,,,,,,,,,,,,,,,,,,,,,,,,,,,,,,,,,,,,,,,,,,,,,,,,,,,,,,,,,,,,,,,,,,,,,,,,,,,,,,,4356000000.0,4356000000.0,,,,,,,,,,,4356000000.0,,,,,,,,,,,,,,,190100000.0,190100000.0,,,,,,0.023,0.023,1045048000.0,1045048000.0,,,,,,,4356000000.0,,,,,,,4356000000.0,,,,,,,,,,,,,,,,,,,,,,,,,,,,,,,,,,,,,,,,,,,,,,,,,,,,,,,,,,,,,,,,,,
2017-03-31,BA_,,,,,,,,,,,,,,,,,,,,,,,,,,,,,,,,,,,,,,,,,,,,,,,,,,,,,,,,,,,,,,,,,,,,,,,,,,,,,,,,,,,,,,,,,,,,,,,,,,,,,,,,,,,,,,,,,,,,,,,,,,,,,,,,,,,,,,,,,,,,,,,,,,,,,,,,,,,,,,,,,,,,,,,,,,20976000000.0,20976000000.0,17264000000.0,3712000000.0,1771000000.0,933000000.0,933000000.0,933000000.0,838000000.0,,,,1941000000.0,-87000000.0,87000000.0,105000000.0,81000000.0,,2000000.0,,,2000000.0,22000000.0,1959000000.0,508000000.0,1449000000.0,1451000000.0,1451000000.0,1451000000.0,,,,2000000.0,1449000000.0,2.36,2.34,613600000.0,620400000.0,2024000000.0,19035000000.0,1451000000.0,1389497000.0,87000000.0,-87000000.0,2046000000.0,,17264000000.0,471000000.0,1451000000.0,83000000.0,83000000.0,2434000000.0,0.259,21497000.0,,,,,,,,,,,,,,,,,,,,,,,,,,,,,,,,,,,,,,,,,,,,,,,,,,,,,,,,,,,,,,,,
1997-07-31,LHX,2767401630.0,3679701630.0,26.43,,,0.72,1.754,,,,,,,,,,,,,,,,,,,,,,,,,,,,,,,,,,,,,,,,,,,,,,,,,,,,,,,,,,,,,,,,,,,,,,,,,,,,,,,,,,,,,,,,,,,,,,,,,,,,,,,,,,,,,,,,,,,,,,,,,,,,,,,,,,,,,,,,,,,,,,,,,,,,,,,,,,,,,,,,,,,,,,,,,,,,,,,,,,,,,,,,,,,,,,,,,,,,,,,,,,,,,,,,,,,,,,,,,,,,,,,,,,,,,,,,,,,,,,,,,,,,,,,,,,,,,,,,,,,,,,,,,,,,,,,,,,,,,,,,
2012-11-30,LMT,30190707872.0,32062707872.0,10.663,10.493,2.09,0.647,12.363,,,,,,,,,,,,,,,,,,,,,,,,,,,,,,,,,,,,,,,,,,,,,,,,,,,,,,,,,,,,,,,,,,,,,,,,,,,,,,,,,,,,,,,,,,,,,,,,,,,,,,,,,,,,,,,,,,,,,,,,,,,,,,,,,,,,,,,,,,,,,,,,,,,,,,,,,,,,,,,,,,,,,,,,,,,,,,,,,,,,,,,,,,,,,,,,,,,,,,,,,,,,,,,,,,,,,,,,,,,,,,,,,,,,,,,,,,,,,,,,,,,,,,,,,,,,,,,,,,,,,,,,,,,,,,,,,,,,,,,,
1997-03-31,BA_,35549103688.0,34005103688.0,25.032,,,1.325,3.177,,,,,,,,,,,,,,,,,,,,,,,,,,,,,,,,,,,,,,,,,,,,,,,,,,,,,,,,,,,,,,,,,,,,,,,,,,,,,,,,,,,,,,,,,,,,,,,,,,,,,,,,,,,,,,,,,,,,,,,,,,,,,,,,,,,,,,,,,,,,,,,,,,,,,,,,,,,,,,,,,,,,,,,,,,,,,,,,,,,,,,,,,,,,,,,,,,,,,,,,,,,,,,,,,,,,,,,,,,,,,,,,,,,,,,,,,,,,,,,,,,,,,,,,,,,,,,,,,,,,,,,,,,,,,,,,,,,,,,,,
1999-06-30,RTX,,,,,,,,,,,,,,,,,,,,,,,,,,,,,,,,,,,,,,,,,,,,,,,,,,,,,,,,,,,,,,,,,,,,,,,,,,,,,,,,,,,,,,,,,,,,,,,,,,,,,,,2756000000.0,627000000.0,1077000000.0,-660000000.0,,197000000.0,197000000.0,,,,14000000.0,14000000.0,,,,,81000000.0,-82000000.0,-257000000.0,,243000000.0,,-105000000.0,,,,37000000.0,,,2129000000.0,-2172000000.0,-2172000000.0,-2137000000.0,-2137000000.0,0.0,,,,,,,,-35000000.0,-353000000.0,-353000000.0,-173000000.0,,,,-170000000.0,,-170000000.0,-81000000.0,,,71000000.0,885000000.0,231000000.0,-3000000.0,657000000.0,,-2137000000.0,,,,-170000000.0,619000000.0,,,,,,,,,,,,,,,,,,,,,,,,,,,,,,,,,,,,,,,,,,,,,,,,,,,,,,,,,,,,,,,,,,,,,,,,,,,,,,,,,,,,,,,,,,,,,,,,,,,,,,,,,,,,,,,,,,,,,,
2007-07-31,LMT,40707049134.0,41777049134.0,15.058,,,1.055,5.686,,,,,,,,,,,,,,,,,,,,,,,,,,,,,,,,,,,,,,,,,,,,,,,,,,,,,,,,,,,,,,,,,,,,,,,,,,,,,,,,,,,,,,,,,,,,,,,,,,,,,,,,,,,,,,,,,,,,,,,,,,,,,,,,,,,,,,,,,,,,,,,,,,,,,,,,,,,,,,,,,,,,,,,,,,,,,,,,,,,,,,,,,,,,,,,,,,,,,,,,,,,,,,,,,,,,,,,,,,,,,,,,,,,,,,,,,,,,,,,,,,,,,,,,,,,,,,,,,,,,,,,,,,,,,,,,,,,,,,,,
2014-06-30,HII,,,,,,,,,,6080000000.0,2327000000.0,592000000.0,592000000.0,,1216000000.0,1216000000.0,,,,294000000.0,,,,,,179000000.0,179000000.0,,,3753000000.0,1850000000.0,3342000000.0,,,,,,-1492000000.0,1646000000.0,1089000000.0,557000000.0,,,,,,127000000.0,130000000.0,4511000000.0,1267000000.0,297000000.0,297000000.0,297000000.0,,,,,,582000000.0,86000000.0,86000000.0,,,,58000000.0,,58000000.0,244000000.0,3244000000.0,1679000000.0,1679000000.0,,112000000.0,112000000.0,,,,1343000000.0,919000000.0,110000000.0,1569000000.0,1569000000.0,1000000.0,1000000.0,1896000000.0,406000000.0,225000000.0,-509000000.0,,,3248000000.0,1569000000.0,,-77000000.0,1060000000.0,3334000000.0,-77000000.0,1765000000.0,1173000000.0,51400000.0,48600000.0,2800000.0,,,,,,,,,,,,,,,,,,,,,,,,,,,,,,,,,,,,,,,,,,,,,,,,,,,,,,,,,,,,,,,,,,,,,,,,,,,,,,,,,,,,,,,,,,,,,,,,,,,,,,,,,,,,,,,,,,,,,,,,,,,,,,,,,,,,,,,,,,,,,,,,,,,,,,,,,,,,,,,,,,,,,,,,,,,,,,,,46000000.0,,,,,,,,,
1988-03-31,LHX,716327500.0,698827500.0,7.479,,,0.343,0.728,,,,,,,,,,,,,,,,,,,,,,,,,,,,,,,,,,,,,,,,,,,,,,,,,,,,,,,,,,,,,,,,,,,,,,,,,,,,,,,,,,,,,,,,,,,,,,,,,,,,,,,,,,,,,,,,,,,,,,,,,,,,,,,,,,,,,,,,,,,,,,,,,,,,,,,,,,,,,,,,,,,,,,,,,,,,,,,,,,,,,,,,,,,,,,,,,,,,,,,,,,,,,,,,,,,,,,,,,,,,,,,,,,,,,,,,,,,,,,,,,,,,,,,,,,,,,,,,,,,,,,,,,,,,,,,,,,,,,,,,
2020-07-16,LMT,102605672686.0,113306672686.0,,,,,,,,,,,,,,,,,,,,,,,,,,,,,,,,,,,,,,,,,,,,,,,,,,,,,,,,,,,,,,,,,,,,,,,,,,,,,,,,,,,,,,,,,,,,,,,,,,,,,,,,,,,,,,,,,,,,,,,,,,,,,,,,,,,,,,,,,,,,,,,,,,,,,,,,,,,,,,,,,,,,,,,,,,,,,,,,,,,,,,,,,,,,,,,,,,,,,,,,,,,,,,,,,,,,,,,,,,,,,,,,,,,,,,,,,,,,,,,,,,,,,,,,,,,,,,,,,,,,,,,,,,,,,,,,,,,,,,,,,,,,,
2008-04-30,LMT,42641136493.0,44601136493.0,14.626,,,1.055,4.552,,,,,,,,,,,,,,,,,,,,,,,,,,,,,,,,,,,,,,,,,,,,,,,,,,,,,,,,,,,,,,,,,,,,,,,,,,,,,,,,,,,,,,,,,,,,,,,,,,,,,,,,,,,,,,,,,,,,,,,,,,,,,,,,,,,,,,,,,,,,,,,,,,,,,,,,,,,,,,,,,,,,,,,,,,,,,,,,,,,,,,,,,,,,,,,,,,,,,,,,,,,,,,,,,,,,,,,,,,,,,,,,,,,,,,,,,,,,,,,,,,,,,,,,,,,,,,,,,,,,,,,,,,,,,,,,,,,,,,,,
1995-06-30,GD_,2794046088.0,2611046088.0,12.026,,,0.967,1.98,,,,,,,,,,,,,,,,,,,,,,,,,,,,,,,,,,,,,,,,,,,,,,,,,,,,,,,,,,,,,,,,,,,,,,,,,,,,,,,,,,,,,,,,,,,,,,,,,,,,,,,,,,,,,,,,,,,,,,,,,,,,,,,,,,,,,,,,,,,,,,,,,,,,,,,,,,,,,,,,,,,,,,,,,,,,,,,,,,,,,,,,,,,,,,,,,,,,,,,,,,,,,,,,,,,,,,,,,,,,,,,,,,,,,,,,,,,,,,,,,,,,,,,,,,,,,,,,,,,,,,,,,,,,,,,,,,,,,,,,
2006-07-31,GD_,27036344445.0,29286344445.0,17.075,,,1.19,2.977,,,,,,,,,,,,,,,,,,,,,,,,,,,,,,,,,,,,,,,,,,,,,,,,,,,,,,,,,,,,,,,,,,,,,,,,,,,,,,,,,,,,,,,,,,,,,,,,,,,,,,,,,,,,,,,,,,,,,,,,,,,,,,,,,,,,,,,,,,,,,,,,,,,,,,,,,,,,,,,,,,,,,,,,,,,,,,,,,,,,,,,,,,,,,,,,,,,,,,,,,,,,,,,,,,,,,,,,,,,,,,,,,,,,,,,,,,,,,,,,,,,,,,,,,,,,,,,,,,,,,,,,,,,,,,,,,,,,,,,,
1995-03-31,GE_,92214432450.0,191623432450.0,14.595,,,1.499,3.38,,,,,,,,,,,,,,,,,,,,,,,,,,,,,,,,,,,,,,,,,,,,,,,,,,,,,,,,,,,,,,,,,,,,,,,,,,,,,,,,,,,,,,,,,,,,,,,,,,,,,,,,,,,,,,,,,,,,,,,,,,,,,,,,,,,,,,,,,,,,,,,,,,,,,,,,,,,,,,,,,,,,,,,,,,,,,,,,,,,,,,,,,,,,,,,,,,,,,,,,,,,,,,,,,,,,,,,,,,,,,,,,,,,,,,,,,,,,,,,,,,,,,,,,,,,,,,,,,,,,,,,,,,,,,,,,,,,,,,,,
2004-09-30,LHX,,,,,,,,,,,,,,,,,,,,,,,,,,,,,,,,,,,,,,,,,,,,,,,,,,,,,,,,,,,,,,,,,,,,,,,,,,,,,,,,,,,,,,,,,,,,,,,,,,,,,,,4500000.0,4500000.0,40100000.0,100000.0,,12600000.0,12600000.0,,,,1500000.0,1500000.0,,,,,5200000.0,-55000000.0,7600000.0,,-3000000.0,,-59100000.0,,,,,-500000.0,,,-80800000.0,-80800000.0,-17700000.0,-17700000.0,,,,-63600000.0,,500000.0,,500000.0,,-3400000.0,-3400000.0,-3900000.0,,,,8500000.0,8500000.0,,-8000000.0,,,,548300000.0,-79700000.0,500000.0,627500000.0,,-17700000.0,8500000.0,,,,-13200000.0,,,,,,,,,,,,,,,,,,,,,,,,,,,,,,,,,,,,,,,,,,,,,,,,,,,,,,,,,,,,,,,,,,,,,,,,,,,,,,,,,,,,,,,,,,,,,,,,,,,,,,,,,,,,,,,,,,,,,,
2015-06-30,RTX,98794007852.0,115506007852.0,15.668,14.577,3.114,1.553,3.448,7.072,37.759,,,,,,,,,,,,,,,,,,,,,,,,,,,,,,,,,,,,,,,,,,,,,,,,,,,,,,,,,,,,,,,,,,,,,,,,,,,,,,,,,,,,,,,,,,,,,,,,,,,,,,,,,,,,,,,,,,,,,,,,,,,,,,,,,,,,,,,,,,,,,,,,,,,,,,,,,,,,,,,,,,,,,,,,,,,,,,,,,,,,,,,,,,,,,,,,,,,,,,,,,,,,,,,,,,,,,,,,,,,,,,,,,,,,,,,,,,,,,,,,,,,,,,,,,,,,,,,,,,,,,,,,,,,,,,,,,,,,,,
1993-04-30,RTX,6107098850.0,9693098850.0,,,,0.281,1.828,,,,,,,,,,,,,,,,,,,,,,,,,,,,,,,,,,,,,,,,,,,,,,,,,,,,,,,,,,,,,,,,,,,,,,,,,,,,,,,,,,,,,,,,,,,,,,,,,,,,,,,,,,,,,,,,,,,,,,,,,,,,,,,,,,,,,,,,,,,,,,,,,,,,,,,,,,,,,,,,,,,,,,,,,,,,,,,,,,,,,,,,,,,,,,,,,,,,,,,,,,,,,,,,,,,,,,,,,,,,,,,,,,,,,,,,,,,,,,,,,,,,,,,,,,,,,,,,,,,,,,,,,,,,,,,,,,,,,,,,
1991-11-29,RTX,5792844604.0,9220844604.0,,,,,,,,,,,,,,,,,,,,,,,,,,,,,,,,,,,,,,,,,,,,,,,,,,,,,,,,,,,,,,,,,,,,,,,,,,,,,,,,,,,,,,,,,,,,,,,,,,,,,,,,,,,,,,,,,,,,,,,,,,,,,,,,,,,,,,,,,,,,,,,,,,,,,,,,,,,,,,,,,,,,,,,,,,,,,,,,,,,,,,,,,,,,,,,,,,,,,,,,,,,,,,,,,,,,,,,,,,,,,,,,,,,,,,,,,,,,,,,,,,,,,,,,,,,,,,,,,,,,,,,,,,,,,,,,,,,,,,,,,,,,,
2008-12-31,GD_,,,,,,,,,,28373000000.0,11950000000.0,1621000000.0,1621000000.0,,3469000000.0,3469000000.0,,,,6318000000.0,1001000000.0,876000000.0,100000000.0,4341000000.0,,,,,542000000.0,16423000000.0,2872000000.0,5340000000.0,0.0,227000000.0,1863000000.0,2957000000.0,293000000.0,-2468000000.0,13030000000.0,11413000000.0,1617000000.0,,,,,,,521000000.0,18320000000.0,10360000000.0,2443000000.0,2443000000.0,2443000000.0,,,,,,,911000000.0,911000000.0,,,,4154000000.0,,4154000000.0,2852000000.0,7960000000.0,3113000000.0,3113000000.0,,,,,,,,,4847000000.0,10053000000.0,10053000000.0,482000000.0,482000000.0,1346000000.0,13287000000.0,3349000000.0,-1713000000.0,,,13166000000.0,10053000000.0,,-2977000000.0,1590000000.0,14077000000.0,-2977000000.0,4024000000.0,2403000000.0,397260758.0,397260758.0,,,,,,,,,,,,,,,,,,,,,,,,,,,,,,,,,,,,,,,,,,,,,,,,,,,,,,,,,,,,,,,,,,,,,,,,,,,,,,,,,,,,,,,,,,,,,,,,,,,,,,,,,,,,,,,,,,,,,,,,,,,,,,,,,,,,,,,,,,,,,,,,,,,,,,,,,,,,,,,,,,,,,,,,,,,,,,,,,,,,,,,,,,
1987-11-30,GE_,38772857165.0,43017857165.0,15.353,,,0.98,2.566,,,,,,,,,,,,,,,,,,,,,,,,,,,,,,,,,,,,,,,,,,,,,,,,,,,,,,,,,,,,,,,,,,,,,,,,,,,,,,,,,,,,,,,,,,,,,,,,,,,,,,,,,,,,,,,,,,,,,,,,,,,,,,,,,,,,,,,,,,,,,,,,,,,,,,,,,,,,,,,,,,,,,,,,,,,,,,,,,,,,,,,,,,,,,,,,,,,,,,,,,,,,,,,,,,,,,,,,,,,,,,,,,,,,,,,,,,,,,,,,,,,,,,,,,,,,,,,,,,,,,,,,,,,,,,,,,,,,,,,,
2001-09-30,RTX,,,,,,,,,,,,,,,,,,,,,,,,,,,,,,,,,,,,,,,,,,,,,,,,,,,,,,,,,,,,,,,,,,,,,,,,,,,,,,,,,,,,,,,,,,,,,,,,,,,,,,,641000000.0,641000000.0,565000000.0,,,220000000.0,220000000.0,,,,3000000.0,3000000.0,,,,,60000000.0,-207000000.0,36000000.0,,-77000000.0,,-155000000.0,,,,-11000000.0,,,,-217000000.0,-217000000.0,-167000000.0,-174000000.0,7000000.0,,,,,,,,-50000000.0,-18000000.0,-18000000.0,254000000.0,,,,-147000000.0,26000000.0,-173000000.0,-106000000.0,,,-19000000.0,1365000000.0,406000000.0,2000000.0,957000000.0,,-174000000.0,26000000.0,,,-173000000.0,467000000.0,,,,,,,,,,,,,,,,,,,,,,,,,,,,,,,,,,,,,,,,,,,,,,,,,,,,,,,,,,,,,,,,,,,,,,,,,,,,,,,,,,,,,,,,,,,,,,,,,,,,,,,,,,,,,,,,,,,,,,
1995-03-31,LHX,1416932960.0,2098332960.0,11.317,,,0.416,1.182,,,,,,,,,,,,,,,,,,,,,,,,,,,,,,,,,,,,,,,,,,,,,,,,,,,,,,,,,,,,,,,,,,,,,,,,,,,,,,,,,,,,,,,,,,,,,,,,,,,,,,,,,,,,,,,,,,,,,,,,,,,,,,,,,,,,,,,,,,,,,,,,,,,,,,,,,,,,,,,,,,,,,,,,,,,,,,,,,,,,,,,,,,,,,,,,,,,,,,,,,,,,,,,,,,,,,,,,,,,,,,,,,,,,,,,,,,,,,,,,,,,,,,,,,,,,,,,,,,,,,,,,,,,,,,,,,,,,,,,,
1987-03-31,BA_,,,,,,,,,,,,,,,,,,,,,,,,,,,,,,,,,,,,,,,,,,,,,,,,,,,,,,,,,,,,,,,,,,,,,,,,,,,,,,,,,,,,,,,,,,,,,,,,,,,,,,,,,,,,,,,,,,,,,,,,,,,,,,,,,,,,,,,,,,,,,,,,,,,,,,,,,,,,,,,,,,,,,,,,,,3763000000.0,3763000000.0,,,,,,,,,,,3763000000.0,,,,,,,,,,,,,,,118000000.0,118000000.0,,,,,,0.17,0.17,697230000.0,697230000.0,,,,,,,3763000000.0,,,,,,,3763000000.0,,,,,,,,,,,,,,,,,,,,,,,,,,,,,,,,,,,,,,,,,,,,,,,,,,,,,,,,,,,,,,,,,,
2007-06-29,GE_,392223655560.0,777860655560.0,,,,,,,,,,,,,,,,,,,,,,,,,,,,,,,,,,,,,,,,,,,,,,,,,,,,,,,,,,,,,,,,,,,,,,,,,,,,,,,,,,,,,,,,,,,,,,,,,,,,,,,,,,,,,,,,,,,,,,,,,,,,,,,,,,,,,,,,,,,,,,,,,,,,,,,,,,,,,,,,,,,,,,,,,,,,,,,,,,,,,,,,,,,,,,,,,,,,,,,,,,,,,,,,,,,,,,,,,,,,,,,,,,,,,,,,,,,,,,,,,,,,,,,,,,,,,,,,,,,,,,,,,,,,,,,,,,,,,,,,,,,,,
2013-03-31,GE_,,,,,,,,,,,,,,,,,,,,,,,,,,,,,,,,,,,,,,,,,,,,,,,,,,,,,,,,,,,,,,,,,,,,,,,,,,,,,,,,,,,,,,,,,,,,,,,,,,,,,,,4610000000.0,4724000000.0,3527000000.0,,,2310000000.0,2310000000.0,2310000000.0,,,-1512000000.0,-1512000000.0,,,,,-1920000000.0,831000000.0,463000000.0,463000000.0,-977000000.0,,1345000000.0,747000000.0,747000000.0,598000000.0,,,,-114000000.0,31485000000.0,31370000000.0,-2815000000.0,-3644000000.0,829000000.0,,,23354000000.0,,,,,10831000000.0,-22956000000.0,-22956000000.0,-19045000000.0,-9196000000.0,14269000000.0,-23465000000.0,-1733000000.0,,,-1983000000.0,-1983000000.0,,-195000000.0,89781000000.0,13036000000.0,-714000000.0,77459000000.0,,-3644000000.0,,14269000000.0,-23465000000.0,,966000000.0,,,,,,,,,,,,,,,,,,,,,,,,,,,,,,,,,,,,,,,,,,,,,,,,,,,,,,,,,,,115000000.0,-9849000000.0,,,-103000000.0,,,,,,,,,,,,,,,,,,,,,,,,,,,,,,,,0.0,,1488000000.0,,23354000000.0,,,0.0,,,,,,,,,,,,,,,,
1991-09-30,GE_,,,,,,,,,,,,,,,,,,,,,,,,,,,,,,,,,,,,,,,,,,,,,,,,,,,,,,,,,,,,,,,,,,,,,,,,,,,,,,,,,,,,,,,,,,,,,,,,,,,,,,,2215000000.0,2215000000.0,1042000000.0,2587000000.0,,705000000.0,705000000.0,,,,-547000000.0,-547000000.0,,,,,,227000000.0,-530000000.0,,96000000.0,,330000000.0,,,,,,,,-3955000000.0,-3955000000.0,-1172000000.0,-1172000000.0,,,,,,,,,-2783000000.0,1759000000.0,1759000000.0,2477000000.0,,,,-273000000.0,84000000.0,-357000000.0,-445000000.0,,,,0.0,19000000.0,,0.0,-19000000.0,-1172000000.0,84000000.0,,,-357000000.0,1043000000.0,,,,,,,,,,,,,,,,,,,,,,,,,,,,,,,,,,,,,,,,,,,,,,,,,,,,,,,,,,,,,,,,,,,,,,,,,,,,,,,,,,,,,,,,,,,,,,,,,,,,,,,,,,,,,,,,,,,,,,
2003-06-30,GD_,,,,,,,,,,13993000000.0,6155000000.0,811000000.0,811000000.0,,3653000000.0,1237000000.0,,2416000000.0,,1375000000.0,413000000.0,799000000.0,,163000000.0,,,,,316000000.0,7838000000.0,1934000000.0,3547000000.0,,,,,,-1613000000.0,5203000000.0,,5203000000.0,,,,,,,701000000.0,8586000000.0,4563000000.0,1195000000.0,1195000000.0,1195000000.0,,,,,,,364000000.0,364000000.0,,,,,,,3004000000.0,4023000000.0,2720000000.0,2720000000.0,,,,,,,,,1303000000.0,5407000000.0,5407000000.0,790000000.0,790000000.0,,5793000000.0,1301000000.0,125000000.0,,,8127000000.0,5407000000.0,,204000000.0,1592000000.0,8491000000.0,204000000.0,3084000000.0,2273000000.0,394439502.0,394439502.0,,,,,,,,,,,,,,,,,,,,,,,,,,,,,,,,,,,,,,,,,,,,,,,,,,,,,,,,,,,,,,,,,,,,,,,,,,,,,,,,,,,,,,,,,,,,,,,,,,,,,,,,,,,,,,,,,,,,,,,,,,,,,,,,,,,,,,,,,,,,,,,,,,,,,,,,,,,,,,,,,,,,,,,,,,,,,,,,,,,,,,,,,,
1998-05-29,LHX,3156078900.0,4156978900.0,,,,,,,,,,,,,,,,,,,,,,,,,,,,,,,,,,,,,,,,,,,,,,,,,,,,,,,,,,,,,,,,,,,,,,,,,,,,,,,,,,,,,,,,,,,,,,,,,,,,,,,,,,,,,,,,,,,,,,,,,,,,,,,,,,,,,,,,,,,,,,,,,,,,,,,,,,,,,,,,,,,,,,,,,,,,,,,,,,,,,,,,,,,,,,,,,,,,,,,,,,,,,,,,,,,,,,,,,,,,,,,,,,,,,,,,,,,,,,,,,,,,,,,,,,,,,,,,,,,,,,,,,,,,,,,,,,,,,,,,,,,,,
2007-06-29,LMT,38908961566.0,40256961566.0,,,,,,,,,,,,,,,,,,,,,,,,,,,,,,,,,,,,,,,,,,,,,,,,,,,,,,,,,,,,,,,,,,,,,,,,,,,,,,,,,,,,,,,,,,,,,,,,,,,,,,,,,,,,,,,,,,,,,,,,,,,,,,,,,,,,,,,,,,,,,,,,,,,,,,,,,,,,,,,,,,,,,,,,,,,,,,,,,,,,,,,,,,,,,,,,,,,,,,,,,,,,,,,,,,,,,,,,,,,,,,,,,,,,,,,,,,,,,,,,,,,,,,,,,,,,,,,,,,,,,,,,,,,,,,,,,,,,,,,,,,,,,
2007-05-31,GD_,32483492681.0,33781492681.0,18.574,,,1.319,3.224,,,,,,,,,,,,,,,,,,,,,,,,,,,,,,,,,,,,,,,,,,,,,,,,,,,,,,,,,,,,,,,,,,,,,,,,,,,,,,,,,,,,,,,,,,,,,,,,,,,,,,,,,,,,,,,,,,,,,,,,,,,,,,,,,,,,,,,,,,,,,,,,,,,,,,,,,,,,,,,,,,,,,,,,,,,,,,,,,,,,,,,,,,,,,,,,,,,,,,,,,,,,,,,,,,,,,,,,,,,,,,,,,,,,,,,,,,,,,,,,,,,,,,,,,,,,,,,,,,,,,,,,,,,,,,,,,,,,,,,,
2018-08-31,BA_,196935704956.0,199283704956.0,21.559,23.585,1.571,2.138,,,,,,,,,,,,,,,,,,,,,,,,,,,,,,,,,,,,,,,,,,,,,,,,,,,,,,,,,,,,,,,,,,,,,,,,,,,,,,,,,,,,,,,,,,,,,,,,,,,,,,,,,,,,,,,,,,,,,,,,,,,,,,,,,,,,,,,,,,,,,,,,,,,,,,,,,,,,,,,,,,,,,,,,,,,,,,,,,,,,,,,,,,,,,,,,,,,,,,,,,,,,,,,,,,,,,,,,,,,,,,,,,,,,,,,,,,,,,,,,,,,,,,,,,,,,,,,,,,,,,,,,,,,,,,,,,,,,,,,,,
2014-09-30,LMT,,,,,,,,,,,,,,,,,,,,,,,,,,,,,,,,,,,,,,,,,,,,,,,,,,,,,,,,,,,,,,,,,,,,,,,,,,,,,,,,,,,,,,,,,,,,,,,,,,,,,,,,,,,,,,,,,,,,,,,,,,,,,,,,,,,,,,,,,,,,,,,,,,,,,,,,,,,,,,,,,,,,,,,,,,11114000000.0,11114000000.0,9839000000.0,1275000000.0,-117000000.0,,,,,,,-117000000.0,1275000000.0,-82000000.0,82000000.0,118000000.0,,,0.0,0.0,,,118000000.0,1311000000.0,423000000.0,888000000.0,888000000.0,888000000.0,888000000.0,0.0,,,,888000000.0,2.81,2.76,316300000.0,321800000.0,1392000000.0,9839000000.0,888000000.0,888000000.0,82000000.0,-82000000.0,1393000000.0,,9839000000.0,247000000.0,888000000.0,0.0,0.0,1640000000.0,0.323,0.0,,,,,,,,,,,,,,,,,,,,,,,,,,,,,,,,,,,,,,,,,,,,,,,,,,,,,,,,,,,,,,,,
2021-01-29,HII,6371865000.0,8058865000.0,,,,,,,,,,,,,,,,,,,,,,,,,,,,,,,,,,,,,,,,,,,,,,,,,,,,,,,,,,,,,,,,,,,,,,,,,,,,,,,,,,,,,,,,,,,,,,,,,,,,,,,,,,,,,,,,,,,,,,,,,,,,,,,,,,,,,,,,,,,,,,,,,,,,,,,,,,,,,,,,,,,,,,,,,,,,,,,,,,,,,,,,,,,,,,,,,,,,,,,,,,,,,,,,,,,,,,,,,,,,,,,,,,,,,,,,,,,,,,,,,,,,,,,,,,,,,,,,,,,,,,,,,,,,,,,,,,,,,,,,,,,,,
2007-11-30,BA_,71724319285.0,70840319285.0,17.865,,,1.083,11.196,,,,,,,,,,,,,,,,,,,,,,,,,,,,,,,,,,,,,,,,,,,,,,,,,,,,,,,,,,,,,,,,,,,,,,,,,,,,,,,,,,,,,,,,,,,,,,,,,,,,,,,,,,,,,,,,,,,,,,,,,,,,,,,,,,,,,,,,,,,,,,,,,,,,,,,,,,,,,,,,,,,,,,,,,,,,,,,,,,,,,,,,,,,,,,,,,,,,,,,,,,,,,,,,,,,,,,,,,,,,,,,,,,,,,,,,,,,,,,,,,,,,,,,,,,,,,,,,,,,,,,,,,,,,,,,,,,,,,,,,
2020-09-30,BA_,93291957623.0,122240957623.0,,36.101,,1.402,,,,,,,,,,,,,,,,,,,,,,,,,,,,,,,,,,,,,,,,,,,,,,,,,,,,,,,,,,,,,,,,,,,,,,,,,,,,,,,,,,,,,,,,,,,,,,,,,,,,,,,,,,,,,,,,,,,,,,,,,,,,,,,,,,,,,,,,,,,,,,,,,,,,,,,,,,,,,,,,,,,,,,,,,,,,,,,,,,,,,,,,,,,,,,,,,,,,,,,,,,,,,,,,,,,,,,,,,,,,,,,,,,,,,,,,,,,,,,,,,,,,,,,,,,,,,,,,,,,,,,,,,,,,,,,,,,,,,,,,,
